3644 5268
884 571 925 634 57

332 726 492 806 proprium
516 727 567 790 est
588 727 622 788 et
642 721 822 802 indigenum
846 741 947 804 neque
977 742 1014 788 eo
1036 727 1193 802 tempore,
1226 740 1289 803 quo
1310 721 1478 804 epistulam

333 826 513 892 Alexander
535 824 721 905 conscripsit
747 824 796 888 ius
818 823 1033 890 Romanorum
1055 824 1087 888 in
1109 823 1225 906 Anglia
1246 825 1342 890 latius
1364 843 1477 906 propa·

332 934 443 1010 gaium
478 926 594 992 nodum
626 945 664 992 eo
696 926 867 1008 quidquam
900 929 1127 992 commutatum
1160 927 1272 1004 erat’).
1321 925 1478 990 Nimirum

336 1048 454 1112 negare
475 1028 579 1108 velim,
600 1028 664 1094 iam
686 1028 718 1092 in
741 1025 918 1092 Glauvillae
940 1031 1078 1093 mactatu
1094 1027 1307 1093 Romanorum
1328 1027 1479 1094 terminos

331 1151 402 1198 esse
444 1132 581 1197 insertos
607 1131 772 1211 ipsumque
800 1129 1004 1194 iustitiarium
1032 1130 1065 1194 in
1097 1149 1205 1195 uorum
1231 1129 1300 1195 iuro
1332 1129 1479 1195 edoctum

333 1232 431 1298 luisse
457 1236 629 1314 -reputa
655 1235 779 1312 partem
807 1230 893 1297 illam
922 1235 1077 1296 tractatus
1107 1231 1147 1296 de
1169 1230 1412 1312 obligationibus
1435 1267 1477 1278 -

333 1343 367 1400 at
388 1354 440 1402 res
462 1335 551 1418 ipsae
572 1333 631 1400 boo
651 1353 686 1400 re
708 1352 770 1399 non
789 1333 997 1414 attinguntur,
1019 1332 1081 1398 nisi
1103 1333 1203 1414 magis
1225 1333 1381 1399 dilucidae
1402 1333 1474 1398 red-

334 1438 419 1503 ditae
441 1437 512 1502 sint.
557 1435 669 1517 ltaque
695 1435 758 1500 iam
785 1435 898 1500 leviter
924 1453 975 1500 res
1003 1435 1216 1502 consideranti
1238 1454 1346 1501 eorum
1368 1436 1473 1517 opinio

331 1537 681 1618 commendandum,
717 1537 771 1620 qui
805 1535 979 1602 firmarium
1013 1537 1294 1620 emphyteuticario
1322 1538 1372 1604 vel
1394 1536 1473 1603 Ger-

332 1641 454 1706 manico
476 1639 645 1706 coloniorio
665 1638 735 1704 iure
762 1658 854 1704 usum
882 1657 952 1704 esse
980 1639 1173 1704 contendant
1182 1640 1228 1716 ¹⁰).
1273 1638 1476 1720 Quanquam

330 1761 405 1808 vera
437 1747 471 1808 et
492 1742 584 1824 quusi
606 1760 701 1824 quarn
722 1747 808 1808 recte
830 1741 954 1822 riteque
986 1759 1006 1806 a
1028 1759 1078 1806 me
1108 1741 1192 1808 diota
1214 1741 1290 1837 sint{
1311 1760 1350 1806 ax
1372 1741 1477 1821 rebus,

333 1844 441 1909 statim
463 1843 678 1925 explanandis
700 1842 785 1908 baud
807 1841 933 1908 dillloile
955 1847 1005 1907 est
1025 1843 1198 1909 intellectu.

416 1944 564 2011 Omnium
585 1945 720 2027 primurn
750 1944 831 2009 duae
858 1943 968 2010 firmae
991 1945 1072 2010 inter
1099 1963 1134 2010 se
1161 1945 1253 2011 valde
1275 1945 1476 2029 divergentes

331 2047 574 2131 distinguendae
606 2051 695 2114 sunt:
740 2043 974 2112 leudilirma
1015 2047 1079 2126 (vel
1100 2045 1256 2130 leofirma)
1295 2051 1328 2113 et
1364 2046 1479 2116 firma

329 2149 504 2232 simplex.

423 2251 664 2319 Foudilirma
673 2251 710 2333 ¹¹)
722 2251 814 2331 enim,
827 2271 908 2334 quau
922 2251 1013 2317 valde
1025 2251 1137 2318 similis
1149 2256 1199 2317 est
1209 2249 1415 2330 manufirmae
1425 2253 1476 2332 ¹²),

330 2356 434 2437 ipsum
461 2352 589 2420 feudum
614 2357 678 2432 est,
716 2353 757 2418 de
790 2372 853 2435 quo
887 2357 991 2419 certus
1019 2353 1143 2420 reditus
1171 2371 1322 2420 eeususva
1352 2353 1477 2420 domino

333 2456 512 2538 solvitur¹³)
535 2475 594 2522 neo
613 2475 676 2521 non
697 2455 877 2538 homagium
888 2456 942 2536 Ι4),
974 2455 1126 2520 relevium
1137 2456 1174 2538 ¹³)
1204 2455 1329 2538 aliaque
1351 2456 1480 2522 seruitia

329 2629 532 2638 ...ια-υ--ι--ι

417 2721 447 2782 9)
475 2724 514 2774 Cl.
533 2725 664 2774 Hoaard
682 2725 700 2775 l.
718 2741 741 2775 o.
778 2731 839 2776 tom.
857 2725 895 2773 lll
925 2740 950 2787 p.
968 2723 1001 2772 37
1020 2741 1077 2788 sqq.
1104 2727 1129 2774 in
1147 2727 1221 2791 adn.;
1248 2727 1401 2794 flavigny,
1428 2729 1477 2778 Ge-

341 2808 458 2859 srbiohte
477 2808 523 2859 des
540 2809 632 2859 Boem.
650 2808 736 2860 reubts
753 2810 788 2859 im
807 2809 955 2864 mittelalter
972 2813 1034 2861 torn.
1052 2808 1091 2860 1v
1108 2827 1132 2875 p.
1151 2809 1202 2862 413
1219 2827 1290 2876 rqq.;
1308 2827 1333 2876 p.
1346 2809 1399 2862 580
1415 2829 1473 2878 sqq.

329 2892 396 2960 ibiq.
414 2895 459 2944 eit.

404 2976 448 3030 itit
467 2979 505 3029 Cf.
528 2979 699 3041 Subilling
720 2979 738 3030 l.
757 2996 779 3028 c.
802 2995 818 3042 p
844 2975 878 3026 2⁸2
896 2979 956 3028 adu.
975 2976 1020 3028 98:
1046 2979 1093 3030 deu
1110 2987 1252 3038 contractus
1275 2980 1425 3046 adfinitum
1443 3007 1476 3020 —·

332 3065 360 3113 ist
379 3065 459 3115 uirtus
478 3063 601 3124 arukrer,
627 3063 668 3114 ato
690 3063 731 3114 die
749 3063 893 3114 Roorua'rclte
911 3062 1070 3128 errrpbpteuae
1096 3065 1158 3116 odor
1174 3065 1221 3116 der
1237 3066 1353 3118 deutsche
1369 3067 1475 3128 urbatus,

330 3150 397 3201 nieht
413 3149 540 3216 erbpuobt,
557 3151 603 3201 mie
618 3149 665 3201 tto
682 3149 791 3216 Lippos
806 3155 893 3201 aeaut.
929 3148 969 3200 ct.
988 3165 1067 3215 quoq.
1086 3166 1157 3216 supr.
1175 3151 1235 3209 adn.
1254 3149 1313 3204 170.

401 3235 445 3290 llt
465 3236 503 3287 Cf.
524 3235 664 3288 Somner.
682 3234 795 3301 glomer.
817 3235 852 3286 ad
870 3251 929 3285 voe.
947 3236 1005 3297 uit,
1037 3237 1082 3287 Du
1101 3236 1198 3302 (lang.
1216 3237 1251 3288 ad
1268 3237 1294 3288 b.
1312 3239 1397 3300 varb.;
1426 3239 1473 3289 sed

333 3339 365 3372 ex
382 3323 424 3380 iis.
444 3338 511 3388 quau
529 3323 651 3384 afferunt,
668 3321 746 3372 rebus
764 3320 927 3372 leudifirmue
944 3326 1038 3372 natura
1056 3323 1121 3373 uatis
1139 3324 1256 3391 intellegi
1272 3325 1371 3389 nequit.

401 3404 445 3462 11)
463 3409 503 3458 Cf.
520 3408 572 3459 Du
589 3407 689 3471 (lang.
706 3406 724 3458 l.
742 3405 778 3466 οὲ,
806 3408 849 3473 qui
868 3421 932 3456 vero
950 3407 977 3456 in
995 3422 1083 3460 errore
1100 3415 1232 3466 vereatur.
1252 3426 1330 3475 quum
1348 3410 1471 3460 manufir-

328 3509 403 3543 mam
422 3499 448 3546 et
464 3493 636 3545 leuditirmam
654 3491 764 3544 eundem
783 3509 842 3544 aare
858 3494 1006 3544 arbitretur.
1041 3493 1201 3560 Diplomata,
1220 3512 1287 3561 quae
1305 3495 1388 3557 affert,
1406 3496 1472 3546 nihil

329 3577 364 3628 ad
384 3580 538 3630 sonmntiam
556 3595 631 3631 ruam
650 3578 1002 3644 oomprobandamrelarunt,
1020 3582 1151 3645 pertinent
1159 3583 1227 3632 onim
1244 3582 1278 3633 ad
1289 3582 1472 3634 foudifirrnam.

398 3661 441 3726 13)
459 3665 555 3716 utera
571 3665 618 3717 lib.
636 3665 679 3716 111
696 3681 754 3730 oap.
771 3663 810 3715 IX
827 3680 853 3729 p.
872 3661 922 3714 404
941 3665 1099 3715 emutilatum
1118 3674 1161 3727 est,
1179 3667 1287 3733 quodsi
1304 3669 1473 3733 quieturam

330 3763 401 3798 suam
418 3749 497 3801 daut
512 3751 638 3804 demiserit
654 3752 690 3803 ud
700 3750 887 3819 scandilia-mum,
905 3757 933 3799 ut
943 3751 1031 3818 faeiat
1048 3752 1072 3803 ei
1084 3753 1196 3818 proinde
1213 3752 1248 3804 ad
1265 3753 1402 3803 antemium
1419 3753 1474 3803 veri

330 3833 431 3896 valeria
448 3835 487 3886 uel
503 3825 591 3888 saltem
608 3845 718 3904 quartae
730 3834 816 3903 partio
829 3851 880 3900 per
896 3851 994 3885 uanum
1011 3853 1068 3903 sqq.
1092 3837 1132 3888 cf.
1149 3835 1280 3901 Britto'm
1298 3839 1373 3904 ebap.
1384 3837 1472 3890 LXVI
1576 3890 1579 3897 ,

332 3935 357 3992 p.
374 3916 434 3971 270.
757 3943 759 3950 ·

399 4004 444 4063 ltr
461 4007 503 4066 lta
519 4024 536 4059 a
552 4007 753 4075 chronographo
770 4008 878 4059 annal.
898 4008 936 4058 de
952 4007 1135 4058 Tbeokesb.
1153 4008 1188 4058 ad
1205 4025 1230 4060 a.
1243 4005 1310 4059 1213
1329 4008 1472 4059 infeudatio

329 4092 399 4155 regis
416 4092 528 4144 Joanuis
544 4111 591 4160 por
608 4111 705 4160 papam
724 4093 881 4160 seodifirmae
898 4091 999 4142 nornine
1026 4093 1074 4156 (so.
1092 4109 1140 4158 pro
1156 4095 1254 4166 Augila
1271 4093 1342 4144 1)th
1369 4098 1395 4144 et
1424 4110 1471 4159 pro

330 4174 458 4228 Hibernia
475 4178 519 4230 CO
536 4180 694 4242 marcarum>
712 4181 785 4232 laeta
803 4183 913 4230 vocatur
931 4177 1013 4231 tanai.
1032 4179 1050 4228 l.
1070 4197 1092 4229 u.
1111 4195 1136 4244 p.
1154 4174 1208 4240 00).
1229 4179 1269 4230 cf.
1287 4179 1365 4230 ibid.
1383 4196 1408 4245 p.
1421 4177 1471 4233 149

329 4260 364 4310 ad
381 4277 406 4312 a.
427 4259 503 4324 lust,
523 4265 596 4318 xl11.
613 4267 682 4332 Aug.
709 4265 855 4330 exemplum
882 4264 1078 4314 celeberrimum
1096 4264 1260 4316 laudifirmae
1286 4260 1373 4328 (soluo
1391 4266 1469 4314 etiam

331 4346 453 4413 homagio
471 4365 519 4400 suo
537 4352 702 4404 etheredum
720 4357 847 4408 suorum).
882 4349 1010 4400 Thorne
1027 4350 1044 4400 l.
1064 4366 1087 4402 o.
1106 4367 1128 4401 o.
1142 4351 1233 4404 XVIlI
1251 4350 1303 4412 §.4
1320 4349 1354 4401 ad
1365 4365 1390 4400 a.
1402 4344 1470 4401 rubo

328 4448 355 4496 p.
374 4429 451 4487 leur.
678 4459 686 4478 .

264 4507 266 4510 ¹
400 4517 444 4579 15)
461 4519 573 4570 Annal.
591 4519 628 4571 de
645 4521 824 4574 Thoolxeub.
843 4521 860 4571 l.
879 4537 901 4571 o.
926 4538 952 4586 p.
971 4518 1029 4574 149.
