3644 5268
880 625 921 690 39

330 777 410 843 iuris
442 780 627 858 patronatus
663 775 831 842 abhorreat
862 777 945 842 inira
976 777 1101 845 deinum
1129 783 1285 862 copiosius
1313 783 1476 867 lusiusque

331 877 616 946 demonstrabimus
630 877 678 957 ³³).
733 878 888 958 Deinceps
919 880 974 942 illa
1002 881 1135 947 obiectio
1168 883 1305 964 epistula
1333 886 1403 965 ipsa
1424 889 1474 952 cit.

330 981 494 1047 refellitur.
553 977 588 1042 Si
614 979 696 1043 enirn
725 979 908 1060 impugnata
935 983 1092 1048 sententia
1119 989 1185 1048 tum
1213 984 1246 1050 in
1268 986 1399 1052 eeclesia
1422 1007 1474 1052 va-

330 1083 452 1162 luisset.
474 1085 559 1147 totus
581 1097 763 1160 processus,
795 1086 881 1147 totae
913 1101 1015 1164 pupae
1037 1083 1161 1164 decisio,
1184 1087 1290 1152 omnia
1310 1088 1343 1151 in
1366 1089 1477 1154 eadem

332 1185 430 1250 allata
462 1187 646 1264 argumenta
677 1181 811 1263 prodiin
843 1201 943 1264 paene
971 1190 1067 1265 atque
1089 1188 1227 1266 portenti
1261 1189 1378 1254 similia
1400 1189 1476 1256 luis·

331 1291 411 1353 sent
453 1285 539 1350 Nihil
561 1285 644 1349 enirn
666 1284 836 1364 retulisset,
859 1290 965 1350 utrum
988 1286 1111 1352 debitor
1133 1307 1282 1370 expresse
1303 1291 1352 1354 ius
1367 1297 1474 1373 patro·

331 1395 425 1455 natus
457 1388 518 1454 sibi
539 1387 742 1466 retinuisset,
765 1405 877 1466 neone,
900 1387 976 1452 nihil
1000 1388 1041 1453 ad
1062 1408 1129 1454 rem
1158 1391 1240 1457 tales
1262 1392 1474 1476 probationes,

333 1491 522 1570 attulissent
544 1507 627 1572 quae
648 1489 767 1555 iudices
789 1488 977 1571 fefellerunt,
999 1490 1159 1556 malitiose
1181 1492 1293 1558 fnisset
1315 1496 1476 1578 episeopo-

329 1614 399 1660 rum
421 1593 635 1675 abbatumque
657 1594 823 1672 sententia,
846 1593 954 1672 inepta
974 1591 1130 1674 pontificis
1148 1598 1386 1676 argumentatio.
1412 1599 1476 1664 Ita-

328 1716 390 1779 que
411 1695 579 1775 eontendo‚
602 1694 1111 1776 glossatoreminterpretationem
1130 1697 1243 1776 capitis
1265 1697 1335 1762 VII.
1358 1699 1477 1765 directe

329 1819 397 1881 sap.
417 1797 538 1864 XVIII.
561 1797 611 1864 eit
633 1798 781 1862 resistere
794 1797 843 1878 ³⁸).

420 1901 524 1982 Atque
546 1900 606 1966 hoe
626 1900 753 1982 quidem
781 1899 848 1965 loeo
876 1899 1028 1981 petitione
1062 1898 1117 1964 illa
1139 1899 1185 1964 uti
1207 1899 1284 1964 milri
1307 1901 1416 1968 liceret
1438 1905 1478 1968 ab

330 2003 519 2070 aduersariis
546 2002 625 2084 ipsis
658 2002 735 2067 mibi
763 2000 883 2080 oblata,
916 2017 1045 2081 prorsus
1078 2003 1114 2065 ut
1146 2001 1216 2066 illos
1246 2007 1396 2084 tanquam
1418 2025 1476 2071 suo

331 2107 435 2190 gladio
457 2105 599 2189 iugulare
626 2122 761 2187 possem.
807 2101 924 2167 Omnes
946 2101 1031 2166 onim
1054 2101 1162 2168 inille
1184 2108 1336 2187 perstant,
1370 2113 1406 2174 ut
1440 2110 1471 2173 ui
1544 2089 1546 2096 ⁵

330 2212 402 2292 quis
435 2227 599 2291 possessor
619 2207 638 2272 i
660 2225 688 2288 p.
712 2207 745 2272 in
774 2203 926 2270 bonafide
949 2203 999 2284 sit,
1033 2205 1174 2271 eiusdem
1206 2210 1476 2288 praesentationes

330 2314 405 2380 licet
427 2311 584 2378 institutio
606 2327 661 2374 eas
683 2309 746 2372 iarn
768 2312 877 2372 seeuta
905 2307 956 2387 sit,
978 2307 1104 2388 penitus
1130 2325 1201 2374 esse
1232 2308 1480 2394 irritandasopi-

330 2421 451 2482 nentur.
506 2412 606 2490 Quam
639 2411 766 2493 quidem
800 2409 989 2476 senteutiam
1022 2409 1083 2474 atsi
1116 2409 1262 2490 equidem
1289 2411 1359 2492 ipsa
1386 2417 1476 2497 sequi

329 2519 456 2585 minime
467 2533 596 2598 possum
609 2515 661 2595 ⁸2),
684 2519 789 2579 tamen
801 2530 910 2578 omnes
927 2511 981 2593 qui
998 2529 1090 2577 usum
1102 2510 1161 2577 fori
1173 2518 1343 2596 sectantes,
1366 2535 1473 2598 quarn-

335 2759 411 2838 Quae
428 2770 588 2836 computatio
598 2771 675 2833 quasi
685 2769 795 2818 simonia
804 2768 905 2818 admitti
915 2769 1012 2831 nequit.
1035 2767 1137 2826 Quibus
1155 2782 1186 2816 ex
1204 2767 1285 2819 rebus
1303 2775 1427 2836 tsurquarn
1447 2775 1472 2822 in

336 2859 472 2911 circuitum
486 2854 672 2908 sententiarum
685 2851 720 2903 ad
736 2869 764 2903 se
774 2853 859 2917 ipsum
868 2853 1011 2902 redientem
1020 2851 1048 2899 iu
1057 2865 1138 2916 seque
1148 2851 1299 2904 eonelusurn
1308 2871 1473 2908 revocamur.

397 2942 443 3008 35)
462 2942 503 2992 De
520 2940 567 2990 illa
585 2938 723 3003 analogia,
749 2953 826 3003 quam
845 2937 979 3003 usquead
997 2937 1047 2987 boo
1065 2943 1166 3001 tempus
1185 2952 1275 2990 omnes
1293 2939 1348 2990 iera
1371 2941 1403 2992 de
1421 2941 1471 2993 hoe

329 3049 357 3084 re
375 3031 539 3096 disputantes
558 3025 622 3086 leti,
639 3023 792 3086 defendunt,
811 3023 844 3073 ei.
864 3023 1000 3087 Oestarley
1017 3020 1035 3070 l.
1053 3036 1076 3073 o.
1095 3036 1120 3086 p.
1138 3019 1181 3073 ill.
1278 3039 1279 3044 ¹

396 3114 442 3180 30)
459 3114 500 3165 Ae
516 3128 550 3163 ne
567 3111 594 3162 id
612 3110 715 3176 quidem
733 3111 836 3160 videtur
854 3107 1039 3174 negligendum
1058 3123 1126 3170 esse,
1144 3108 1291 3172 pontificem
1310 3112 1336 3161 in
1347 3113 1473 3165 e.XVlII

331 3206 433 3256 euriose
451 3204 626 3262 aoeurateque
644 3195 709 3246 illud
727 3197 912 3262 pronuntiaret
936 3193 1090 3244 eruditorem
1108 3207 1161 3242 non
1184 3192 1211 3243 in
1229 3199 1395 3259 possessione
1413 3201 1430 3250 i.
1448 3218 1474 3266 p.

330 3291 419 3354 luisse,
438 3286 540 3338 etiarnsi
558 3288 585 3332 et
595 3297 624 3332 se
642 3287 780 3346 patronum
798 3286 908 3346 gereret,
926 3286 953 3331 et
970 3281 1160 3344 praestationes
1179 3283 1256 3344 qussi
1271 3288 1475 3346 petronusaeei·

329 3381 415 3440 peret,
436 3377 462 3424 et
479 3373 496 3422 i.
514 3386 539 3435 p.
559 3384 617 3419 eum
637 3367 809 3418 universitate
826 3367 938 3417 transire
956 3365 1064 3427 soleret,
1090 3371 1118 3415 et
1144 3365 1178 3416 ab
1197 3366 1328 3434 episeopis
1346 3376 1472 3433 patronus

333 3457 494 3509 eraderetur=
514 3458 586 3516 Quae
598 3454 703 3520 quidem
718 3455 915 3504 omuiatantum
933 3456 987 3502 tam
1001 3451 1048 3500 vili
1070 3451 1193 3502 habenda
1211 3458 1280 3516 sunt,
1298 3457 1360 3520 quia
1375 3455 1476 3508 debitor

328 3547 344 3596 i.
363 3562 389 3611 p.
407 3543 458 3595 sibi
475 3541 614 3608 exceperit.

398 3628 442 3684 uu
460 3629 527 3680 Nam
545 3645 603 3678 maa
621 3626 725 3693 quidem
744 3627 874 3677 sententia
890 3625 1045 3691 principium
1063 3623 1129 3676 illud
1147 3641 1178 3674 ex
1190 3623 1469 3676 sontibusnoneruan-

329 3719 389 3770 dum
415 3723 464 3768 est.
501 3716 598 3766 Omnes
626 3714 695 3764 enim
713 3727 828 3762 eunome
846 3712 883 3762 ita
911 3711 944 3762 de
969 3713 1137 3776 possessione
1156 3712 1294 3777 explicant,
1312 3717 1342 3762 ut
1359 3711 1392 3762 de
1401 3711 1471 3764 bons

329 3805 380 3856 fide
397 3802 461 3854 nibil
477 3802 599 3852 habeant.
639 3798 691 3849 Illa
715 3796 820 3862 quidem
841 3797 922 3847 verba
938 3795 1082 3848 Alexandri
1100 3797 1141 3848 III
1168 3798 1319 3849 indistinete
1341 3805 1470 3864 concepta

329 3889 397 3954 (esp.
415 3887 478 3938 xix
494 3887 520 3936 h.
530 3885 572 3950 tl:
591 3885 613 3936 si
629 3900 689 3934 vero
705 3890 765 3932 lana
781 3898 833 3932 raon
848 3882 989 3946 possidebat
1006 3882 1046 3932 ius
1058 3890 1222 3948 patrmsatas,
1240 3882 1284 3933 sed
1300 3889 1398 3932 laruam
1415 3899 1468 3935 ere·

329 3973 436 4024 waler
453 3987 504 4023 esse
520 3979 659 4036 patronus,
685 3983 764 4034 quarn
785 3973 870 4016 laurea
895 3984 947 4017 raon
970 3975 1032 4019 esset
1057 3983 1102 4018 aee
1121 3967 1300 4033 possessionesve
1314 3977 1470 4034 patronatus

329 4059 443 4118 luberet,
468 4055 603 4107 seeundum
629 4050 833 4104 consaesaalmem
854 4051 1024 4117 Applicaaam
1050 4053 1081 4102 ab
1102 4053 1206 4103 ecelesia
1223 4053 1317 4118 polerit
1338 4057 1469 4116 reaaooers',

282 4175 285 4184 ·
329 4146 414 4210 magle
431 4159 524 4204 meum,
542 4157 620 4207 quum
638 4139 717 4189 aliern
735 4137 884 4201 opinionem
903 4139 1074 4202 comprobare
1090 4138 1220 4188 videntur.
1258 4139 1336 4200 Quod
1354 4155 1385 4189 eo
1403 4139 1467 4190 faei-

328 4232 380 4283 lius
405 4229 585 4296 cognoscitur,
612 4227 634 4276 si
663 4223 698 4274 sd
724 4239 781 4273 eam
810 4223 1013 4274 malesessum
1042 4225 1245 4290 respexerimus,
1273 4239 1340 4289 quae
1362 4224 1466 4290 quidem

329 4319 414 4369 bonae
432 4315 492 4366 fidei
508 4315 634 4364 rationem
652 4311 732 4361 habet
749 4309 855 4360 nullam.
891 4309 1018 4374 Legimus
1037 4311 1104 4360 enirn
1123 4311 1149 4360 in
1168 4315 1271 4380 tractat
1289 4311 1322 4360 de
1339 4311 1418 4375 legib.
1428 4311 1467 4360 IV

327 4422 351 4456 e.
370 4400 404 4455 10
422 4404 446 4466 ἓ.
463 4397 494 4454 22
511 4407 631 4450 stauarum
649 4403 684 4448 eet
702 4395 777 4447 etiam
794 4422 826 4430 -
844 4395 872 4445 in
888 4411 967 4462 reque
984 4395 1079 4446 dorres'ai
1097 4395 1162 4462 repis
1179 4395 1211 4446 ale
1227 4394 1323 4446 clericis
1340 4393 1405 4454 illis,
1423 4395 1469 4459 qui

328 4491 442 4542 eeclesias
461 4487 569 4540 obtineat
583 4500 631 4550 per
649 4483 712 4534 tales
729 4482 868 4542 advocatos,
887 4481 1021 4548 qairrein
1038 4482 1211 4532 adumaticum
1229 4482 1388 4533 eeclesiarum
1406 4488 1466 4530 lars-

325 4591 389 4642 pors
404 4590 513 4641 pererras
530 4571 649 4624 uiolenter
666 4567 833 4630 retruderes,
860 4584 892 4619 ae
910 4569 1025 4620 eeclesias
1042 4568 1104 4618 ullas
1122 4568 1244 4634 quartalia
1261 4567 1378 4628 amessa,
1396 4567 1465 4616 arorit-
