3644 5268
903 638 944 704 66

357 794 443 862 mino
465 792 676 874 noneolrerit,
698 792 801 874 ipsum
824 809 882 857 aue
903 790 1092 856 auctoritate
1114 789 1281 872 expellere.
1308 791 1392 875 Ergo
1407 791 1496 858 locc-

357 899 419 964 tori
444 897 493 962 ius
521 896 706 978 privationis
734 893 912 960 omnimodo
945 911 1007 957 non
1029 893 1180 973 competit
1192 892 1243 973 ⁸¹),
1276 893 1337 957 nisi
1372 894 1404 958 in
1425 911 1499 958 con·

356 999 503 1064 ventione
536 1013 717 1063 concessum
754 995 797 1060 sit
835 993 884 1058 vel
916 991 1012 1057 breve
1044 992 1084 1058 de
1117 992 1301 1074 expellendo
1334 995 1498 1076 acceperit

359 1099 468 1166 Solum
502 1098 595 1164 modo
629 1098 711 1164 enim
750 1114 809 1162 sua
844 1093 1032 1160 auctoritate
1064 1091 1238 1160 bmarium
1274 1095 1393 1162 reicere
1433 1113 1496 1160 non

356 1201 472 1268 licebat
484 1200 534 1272 ὅ’1.

441 1337 572 1404 Praeter
602 1335 783 1419 pensionem
820 1337 926 1398 autem
963 1331 1120 1397 interdum
1158 1334 1391 1418 gerauma⁸⁸)
1425 1353 1501 1417 quo-

356 1459 417 1523 que
444 1445 477 1506 et
498 1459 589 1521 prae
611 1437 789 1502 manibus
811 1434 1070 1518 quidquam⁵⁸)
1093 1440 1272 1501 contractus
1294 1437 1383 1517 initio
1406 1436 1500 1502 solvi·

356 1548 417 1608 tur.
462 1541 543 1619 Quin
566 1541 660 1606 etiam
681 1537 812 1604 locatori
833 1537 1094 1602 iuramentum
1116 1535 1386 1620 fidelitatie⁵⁰)
1408 1555 1500 1619 proe-

356 1644 466 1708 stitum
500 1660 569 1708 esse
601 1641 785 1706 invenimua
831 1637 919 1716 Quod
952 1637 1078 1720 quidem
1110 1639 1292 1720 neutiquam
1320 1639 1500 1722 homagium

355 1745 585 1826 intellegamuq
608 1742 664 1806 sed
686 1746 809 1804 tantum
837 1741 1057 1818 iuramentum,
1086 1739 1171 1823 quod
1181 1739 1291 1824 fidelia
1315 1743 1374 1804 eric
1385 1742 1499 1826 firma-

355 1845 425 1908 rius
448 1844 588 1920 (domino
611 1843 745 1925 praedii)
775 1854 803 1905 et
825 1839 910 1925 qood
929 1863 985 1904 aec
1007 1851 1103 1904 artem
1124 1863 1180 1905 aee
1201 1843 1358 1929 ricpem'um
1384 1864 1445 1928 per
1466 1864 1499 1906 ee

323 1931 325 1936 ’
355 1947 406 2010 vel
422 1968 483 2033 per
504 1946 601 2010 alium
623 1945 773 2030 eoaquiret,
797 1941 1063 2026 aade(domiuus)
1078 1964 1139 2028 per
1160 1955 1303 2008 tenuram
1325 1945 1392 2009 eiua
1414 1942 1499 2008 dam-

355 2072 429 2112 num
456 2050 607 2116 iactarat.
640 2086 683 2098 -
716 2047 863 2114 Athaco
890 2047 994 2112 omnia
1021 2065 1083 2112 nou
1109 2047 1150 2112 ad
1183 2048 1364 2114 essentialia
1390 2047 1500 2114 firmae

356 2155 510 2233 spectant.

439 2289 468 2353 b.
501 2287 573 2352 Jarn
595 2287 752 2352 firmarius
775 2285 880 2352 omnia
901 2289 1031 2366 oue'ra,
1056 2302 1154 2366 quae
1175 2286 1338 2366 praedio
1361 2288 1496 2354 inhae-

353 2396 458 2471 rent,
481 2390 587 2456 subire
610 2389 764 2469 debet⁸⁰):
793 2393 829 2453 ut
850 2387 986 2452 decimas
1009 2387 1221 2469 solvendas⁸¹)
1244 2388 1368 2471 aliaque
1391 2392 1496 2473 exple·

354 2494 401 2558 tia
422 2493 472 2559 vel
494 2493 623 2558 servitia
644 2491 771 2574 regalia,
793 2489 853 2554 nisi
876 2488 1010 2554 dilucide
1032 2488 1233 2570 excipiantur.
1327 2580 1330 2586 Ι

438 2649 463 2695 c.
476 2628 597 2694 Deinde
608 2625 764 2693 firmarius
775 2627 855 2692 bene
867 2625 995 2706 praedio
1006 2628 1114 2691 utatur
1126 2630 1251 2706 oportet
1262 2645 1363 2708 neque
1371 2633 1494 2693 vastum

391 2986 394 2992 Ι
425 2915 471 2972 55)
490 2913 582 2979 Itaque
600 2930 795 2980 nonnumquam
813 2914 840 2964 in
859 2914 1035 2965 contractibus
1054 2914 1493 2982 clanculapriralionicapponitur,

353 3001 393 3053 ci.
410 3000 523 3050 Annei.
547 2999 585 3050 de
602 3000 785 3050 Tbeokeeb.
804 3000 839 3050 ad
856 3016 879 3050 a.
902 2996 968 3052 1130
985 3017 1010 3065 p.
1030 2999 1062 3050 75
1080 2999 1194 3062 dedimus
1211 3017 1266 3052 eam
1284 2999 1440 3066 adfirmem.
1459 3026 1493 3038 -

360 3085 433 3150 Quod
450 3086 473 3136 ai
489 3086 569 3136 dicim
579 3085 715 3152 firmarint
736 3085 905 3136 concaluerit
919 3085 1025 3152 firmam
1047 3085 1083 3136 cd
1098 3085 1163 3137 diem
1183 3079 1328 3154 praeficem
1349 3086 1435 3137 ecdem
1451 3104 1493 3140 ca-

351 3172 417 3224 rebit
434 3171 463 3222 ic
478 3179 636 3238 perpetuum.
674 3172 708 3222 Cf
734 3186 810 3236 quoq.
829 3171 891 3221 ibid.
910 3171 944 3221 ad
962 3187 986 3221 a.
1006 3168 1073 3224 luit
1091 3189 1117 3238 p.
1137 3169 1186 3232 itt
1204 3180 1312 3241 propter
1327 3173 1492 3240 privationem

352 3257 448 3324 Boperc'
466 3257 521 3318 M„
539 3272 617 3323 quam
626 3254 725 3323 jecit(
759 3255 765 3267 '
790 3252 805 3319 )
829 3255 1056 3322 superscriptione,
1079 3273 1156 3324 qaam
1166 3259 1259 3327 facere
1276 3259 1356 3311 ambit
1372 3259 1403 3310 de
1413 3259 1494 3326 firma

349 3342 498 3410 praedictae
524 3341 648 3392 eccleciae.
690 3340 730 3391 Gi.
755 3341 857 3391 demum
874 3341 984 3392 Matth.
1003 3341 1176 3397 Parie'vit.
1195 3347 1249 3411 vig.
1274 3351 1306 3399 tr.
1325 3346 1385 3398 abb.
1413 3363 1438 3412 p.
1456 3343 1491 3400 29

352 3429 403 3482 col.
423 3428 434 3480 1
455 3429 486 3478 F.
520 3429 612 3478 Flete
629 3443 654 3492 p.
672 3424 723 3478 118
741 3427 887 3493 Remarque
906 3426 938 3477 da
956 3425 1164 3506 Norman'inornm
1181 3431 1246 3482 iure.

424 3525 469 3594 56)
487 3530 529 3580 De
546 3528 751 3590 vicecomitibus,
770 3527 905 3591 firmariis,
923 3504 1030 3578 ballivis*
1039 3513 1204 3594 libertatum,
1223 3533 1267 3597 qui
1284 3531 1370 3584 firmae
1389 3533 1489 3585 solvere

358 3615 506 3681 negligunt.
541 3613 581 3664 Of.
601 3614 697 3664 Fleta
714 3613 759 3664 lib.
776 3611 805 3662 11
823 3629 880 3678 cap.
899 3611 932 3664 31
950 3613 975 3674 5.
993 3609 1010 3662 1
1027 3629 1054 3679 p.
1073 3610 1131 3666 188.

429 3715 474 3781 tt)
492 3716 532 3768 cf.
551 3715 665 3767 Mettb.
682 3715 783 3767 Paris.
801 3715 847 3764 rit.
865 3715 920 3780 vig.
939 3719 971 3766 tr.
988 3714 1047 3765 abb.
1065 3713 1135 3782 pta
1153 3717 1202 3768 col.
1220 3717 1237 3770 1
1254 3720 1293 3782 B„
1312 3735 1337 3785 p.
1347 3717 1381 3772 33
1398 3719 1489 3783 col-23

352 3801 567 3867 Domcadeyb.
585 3800 769 3852 Werwicecire
787 3798 864 3858 (Gale
882 3799 896 3848 I
912 3815 938 3863 p.
958 3794 1019 3862 tri)
1042 3800 1114 3852 modo
1129 3801 1200 3854 iutra
1209 3802 1314 3868 firmam
1331 3821 1387 3871 aqq.

423 3901 469 3958 58)
489 3903 531 3954 Ita
548 3905 575 3953 in
592 3907 720 3968 perpetua
737 3901 823 3952 firme:
848 3899 962 3952 Annei.
982 3900 1019 3952 de
1036 3901 1216 3957 Theokeab.
1234 3921 1260 3972 p.
1278 3903 1312 3958 ta
1330 3907 1367 3957 ita
1384 3908 1411 3957 in
1430 3908 1490 3958 eim·

353 3987 416 4054 plici
433 3987 521 4040 firma:
540 3987 662 4039 Oertul.
680 4003 757 4038 mon.
777 3987 803 4038 S.
821 3987 852 4038 P.
871 3985 917 4038 Gi.
936 3987 998 4052 dipl.
1015 3987 1492 4057 cch1vp.ttou.1205-luut)

352 4074 386 4126 ci.
404 4075 484 4128 addit.
502 4074 552 4133 Ill,
571 4069 596 4138 6,
613 4074 659 4124 ubi
677 4081 764 4124 antem
772 4077 828 4124 tota
837 4071 912 4123 firma
921 4073 995 4124 initio
1005 4078 1158 4125 contractus
1169 4090 1232 4141 prae
1241 4077 1362 4128 manibus
1373 4083 1491 4142 pacatur.

422 4175 467 4237 51))
485 4178 524 4228 Oi.
544 4176 668 4236 cartul.
686 4177 736 4227 cit.
755 4174 906 4240 dipl.ccu:
924 4175 1039 4226 additam
1057 4174 1107 4240 ΙΙΙ,
1125 4191 1163 4240 aq
1181 4177 1214 4232 oi.
1233 4193 1292 4230 cum
1304 4177 1368 4246 dipl.
1378 4178 1490 4231 cxxm

352 4278 379 4330 p.
396 4256 457 4329 llll,
477 4262 538 4330 dipl.
559 4259 643 4314 XLIV
659 4278 684 4326 p.
704 4257 763 4323 172,
780 4260 840 4327 dipl.
859 4259 954 4313 CXXV
971 4277 996 4328 p.
1016 4261 1076 4316 tul.

422 4359 466 4418 601
484 4365 522 4416 (li.
543 4365 672 4415 Tharne
690 4363 752 4427 dipl.
770 4379 796 4415 e.
814 4360 879 4416 lull
899 4381 924 4430 p.
942 4361 1020 4418 2107.

423 4464 468 4532 tl)
487 4468 528 4522 Cf.
547 4483 626 4534 supra
643 4463 748 4521 adnot
765 4463 845 4534 pur.
871 4468 910 4528 Cf.
928 4468 1040 4522 dunel.
1058 4468 1094 4520 de
1111 4467 1232 4521 Burton
1258 4486 1283 4522 a.
1301 4465 1368 4523 1151
1394 4485 1420 4538 p.
1439 4463 1490 4522 dib

355 4552 458 4618 (literae
476 4555 556 4622 epiro.
574 4551 700 4621 Noreia).
734 4553 774 4607 ci.
792 4554 881 4608 bulla
897 4555 1031 4608 Nicolei
1047 4556 1074 4606 in
1091 4553 1153 4611 edu.
1170 4551 1223 4610 tut
1241 4557 1285 4613 cit.
