3644 5268
917 672 958 737 32

317 881 318 884 ¹
363 827 508 909 spicuam
531 831 589 890 est
643 824 815 890 Abbatissa
843 825 968 889 omnino
996 841 1057 887 non
1080 840 1149 888 cum
1172 822 1270 886 milite
1292 824 1418 904 agebat,
1452 822 1509 888 sed

365 935 573 1009 praesentans
600 926 640 990 ab
669 926 814 1006 episcopo
837 929 1023 990 removetur.
1079 924 1191 1005 ltaque
1212 923 1332 988 nullum
1354 924 1509 1003 iudicium,

365 1029 453 1094 nullu
474 1027 654 1110 appellatio.
704 1027 813 1110 Neque
842 1045 914 1092 uero
942 1025 1047 1107 mauis
1067 1024 1129 1108 lilla
1151 1025 1279 1106 querela
1301 1025 1431 1106 simplex
1453 1033 1510 1105 est,

365 1131 451 1212 quod
474 1132 552 1210 iam,
587 1130 710 1195 omissis
734 1131 804 1195 aliis
826 1128 1010 1208 rationibus,
1038 1145 1077 1192 ex
1097 1127 1157 1192 hac
1178 1145 1213 1191 re
1235 1127 1375 1208 intellegi
1397 1134 1510 1208 potest,

364 1232 449 1314 quod
475 1233 520 1298 illi
548 1232 673 1298 decreto
700 1231 873 1310 relectorio,
895 1247 958 1312 quo
979 1229 1193 1310 praesentatio
1214 1229 1349 1308 tollitur,
1378 1247 1508 1294 caussae

366 1332 500 1414 cognitio
521 1334 753 1413 praemittenda
774 1339 835 1412 cst,-
854 1349 935 1414 quae
957 1331 1057 1412 magis
1079 1323 1120 1395 ad
1141 1328 1277 1396 officium
1300 1329 1512 1412 indicisquasi

366 1434 415 1496 ius
438 1433 582 1514 dicentis,
606 1435 763 1514 quemad
790 1433 988 1513 disciplinam
1016 1433 1161 1510 pertinet
1199 1429 1292 1495 Certo
1314 1433 1398 1496 enim
1421 1433 1514 1496 iudex

366 1533 553 1612 ordinarius,
575 1533 758 1614 priusquam
786 1535 941 1611 instituet,
976 1532 1119 1612 quamuis
1141 1532 1336 1610 summatim,
1359 1532 1398 1596 de
1420 1550 1458 1595 ea
1480 1551 1515 1596 re

367 1651 554 1714 cognoscere
587 1633 696 1714 debet,
730 1640 836 1700 utrum
858 1637 1066 1716 praesentans
1093 1637 1259 1713 patronus,
1291 1639 1513 1712 praesentatus

366 1734 496 1798 idoneus
525 1735 602 1814 sint,
637 1753 740 1800 annon
768 1737 840 1802 sint.
895 1735 1007 1815 Itaque
1035 1751 1131 1814 quum
1157 1733 1217 1798 hac
1243 1734 1275 1797 in
1297 1751 1410 1798 caussa
1432 1735 1514 1816 prio-

368 1837 450 1903 rissa
472 1855 507 1902 se
536 1837 575 1901 ab
604 1837 750 1918 episcopo
778 1837 869 1920 quasi
891 1837 992 1902 iudice
1016 1835 1173 1901 ordinario
1195 1842 1357 1918 gravatam
1379 1841 1515 1918 putaret

366 1938 698 2019 adurchiepiscopum,
721 1945 810 2006 extra
822 1939 972 2004 iudicium
983 1937 1154 2018 appellavit
1166 1937 1216 2020 ²³),
1244 1939 1341 2018 quiid
1356 1940 1514 2004 inbonam

366 2045 488 2119 partem
521 2039 651 2119 accepit
684 2038 769 2102 Nam
798 2041 831 2102 ai
855 2063 874 2103 a
899 2039 1083 2126 precamine
1110 2049 1139 2100 et
1160 2050 1230 2101 ante
1251 2039 1317 2102 litis
1339 2041 1514 2125 inpressam

357 2139 466 2222 jicerit
489 2141 698 2225 appellatum,
730 2139 824 2204 leuius
855 2138 945 2202 modi
973 2137 1120 2202 audietur
1152 2139 1333 2223 appellans,
1368 2143 1514 2224 quoniam

366 2241 456 2302 sacri
481 2263 614 2304 carrades
647 2242 741 2304 etaiam
779 2254 870 2305 caira
905 2240 1055 2305 iodicium
1084 2243 1208 2324 passim
1241 2241 1404 2324 appellare
1435 2265 1513 2325 per·

367 2341 494 2404 miltant
507 2343 557 2424 Ἠ).

454 2443 540 2520 Quae
562 2445 688 2526 quidem
716 2445 886 2527 appellatio
916 2463 1010 2526 quem
1031 2443 1112 2509 bono
1134 2443 1229 2508 fuerit
1250 2444 1371 2526 effectu,
1404 2466 1443 2510 ex
1465 2451 1513 2512 in-

368 2546 574 2625 sequentibus
605 2549 707 2612 uerbis
735 2547 904 2612 Alexandri
937 2547 1031 2627 plane
1064 2546 1175 2610 elucet.
1219 2545 1251 2610 Is
1284 2549 1367 2612 enim
1394 2553 1513 2631 pergit:

368 2645 637 2731 Archaepisaopua
665 2649 739 2732 quia
763 2651 862 2711 orcum
884 2647 949 2710 sc‘bi
968 2657 1049 2726 erat,
1084 2645 1169 2729 quod
1180 2644 1308 2727 sactum
1329 2650 1440 2712 nrriitis
1461 2675 1511 2715 aa·

364 2769 425 2830 per
449 2750 705 2831 praesentatione
734 2749 889 2835 praefata
922 2749 1042 2810 arellius
1070 2760 1149 2809 esset
1170 2750 1323 2830 manicati,
1347 2751 1511 2835 praedicto

368 2843 513 2934 &ascopa
536 2851 570 2913 ia
592 2853 704 2914 virtute
726 2849 915 2914 obedientiae
937 2849 1091 2929 iaiaaait,
1115 2847 1199 2932 qaod
1221 2871 1390 2932 personam
1416 2853 1504 2917 illam

368 2951 518 3034 reciperet
541 2963 570 3014 et
591 2953 626 3015 ia
644 2953 874 3038 possessionem
896 2949 1063 3032 redemerat,
1087 2973 1178 3034 quarn
1202 2950 1360 3015 abbatissa
1381 2955 1445 3018 eibi
1461 2955 1510 3019 de·

319 3056 323 3062 ’
369 3065 508 3115 creverat
516 3054 790 3138 praesentandam.
836 3055 948 3136 ltaque
967 3056 1092 3118 decreto
1104 3052 1243 3133 episcopi
1254 3051 1410 3120 infirmato
1420 3059 1512 3122 ualde

368 3154 456 3219 aliud
476 3155 576 3221 edidit
592 3163 688 3238 atque
710 3157 804 3223 iudici
826 3158 947 3238 primae
975 3156 1143 3220 instantiae
1164 3157 1396 3235 exsequendum
1418 3161 1511 3223 remi·

369 3255 421 3318 sit.
468 3254 648 3322 Sententiae
678 3259 760 3322 enim
790 3261 1005 3340 episcoporum
1031 3257 1123 3338 plane
1146 3258 1320 3321 contrariae
1342 3266 1429 3323 sunt:
1462 3262 1513 3326 hic

371 3355 610 3423 cantuariensis
632 3364 795 3424 contractu
810 3361 852 3424 ad
873 3345 996 3424 firmam
1017 3359 1137 3422 nullum
1154 3365 1338 3437 patronatus
1361 3361 1410 3424 ius
1432 3363 1512 3425 mili-

369 3464 434 3520 tem
457 3460 662 3538 acquisivisse
684 3467 807 3540 censet‚
829 3461 882 3525 ille
904 3461 1119 3525 Salobrienses
1142 3478 1213 3524 eum
1235 3461 1325 3539 quasi
1345 3467 1510 3540 patronum
1611 3531 1612 3534 ,

369 3558 489 3622 habuit.
534 3560 639 3640 Atque
671 3560 725 3624 illo
748 3566 889 3641 tempore
911 3561 1013 3625 claras
1042 3561 1129 3640 leges
1151 3561 1190 3624 de
1212 3560 1265 3624 illo
1287 3561 1355 3624 iure
1378 3562 1511 3627 transfe-

370 3659 469 3723 rendo
503 3659 586 3724 latas
619 3679 680 3724 non
715 3679 785 3725 esse
820 3680 857 3726 eo
889 3663 1088 3743 potissimum
1114 3665 1216 3743 patet,
1249 3662 1332 3741 quod
1354 3662 1512 3727 Jocelinus

371 3751 598 3842 archiepiscopi
621 3763 810 3828 sententiam
833 3783 895 3829 non
917 3769 1082 3830 exsecutus
1105 3769 1162 3844 est,
1185 3763 1242 3828 sed
1263 3765 1331 3844 ipse
1353 3769 1443 3845 quasi
1460 3784 1512 3830 ae-

371 3879 426 3940 gre
449 3862 482 3925 id
504 3861 608 3928 serens
631 3865 739 3930 literas
762 3866 840 3931 haec
862 3868 1038 3948 complexas
1060 3866 1101 3930 ad
1122 3864 1334 3930 Alexandrum
1356 3869 1456 3948 misit,
1479 3875 1514 3932 ut

370 3964 442 4029 illoc
466 3986 506 4026 aa
528 3966 631 4028 literis
652 3965 683 4029 J.
707 3963 919 4033 Salabra‘easis
941 3969 1160 4050 intellegimus.

445 4167 493 4233 23)
511 4171 538 4223 J.
557 4172 592 4220 H.
611 4173 738 4222 Boelrmer
755 4175 772 4224 l.
791 4189 815 4225 c.
833 4175 871 4226 lit.
888 4175 915 4226 Il
933 4178 972 4226 uc
991 4173 1026 4227 28
1042 4176 1057 4237 ξ
1076 4173 1093 4226 3
1114 4191 1256 4242 gravamen
1279 4174 1475 4224 extraindicialo
1497 4189 1513 4222 a

374 4269 426 4317 quo
449 4256 482 4304 do
499 4257 555 4304 iure
573 4259 701 4306 canonico
719 4239 859 4322 appellatio
877 4259 1026 4324 indulgetur
1043 4267 1146 4324 praeter
1163 4261 1216 4310 alia
1233 4260 1320 4309 affort:
1348 4256 1371 4306 ai
1391 4255 1452 4320 quid
1474 4263 1512 4304 at-

371 4337 491 4387 tendatur
508 4339 536 4388 ia
552 4336 743 4404 praeiudicium
760 4341 825 4392 iuria
838 4350 1002 4408 patronatus,
1021 4347 1094 4394 euius
1113 4346 1256 4394 sententiae
1274 4348 1404 4392 auctorem
1423 4341 1512 4390 laudat

372 4424 505 4486 Lynclrer.
1401 4490 1404 4498 Ι

439 4505 483 4570 aa)
503 4510 566 4572 Cap.
585 4509 608 4558 V
626 4509 650 4558 X
669 4508 703 4560 de
727 4511 821 4576 appell.
838 4511 880 4562 Ad
896 4528 954 4568 roc.
973 4513 1041 4565 sacri
1056 4529 1164 4564 caooaer
1182 4517 1256 4564 notat
1272 4511 1443 4563 Boehmorns:
1466 4509 1507 4560 vel

370 4593 454 4658 potiare
472 4595 624 4660 quisquiliae
644 4595 846 4648 Pentelilaidor.
