3644 5268
850 643 925 728 ro¹

399 797 579 878 „Secundum
602 798 726 862 instituta
753 799 861 878 patrum
884 800 1041 860 nostrorum
1064 795 1119 858 sub
1142 793 1360 858 interminatione
1381 807 1452 854 ana-

315 902 443 964 thematis
466 901 660 980 prohibemus,
682 918 717 964 ne
739 899 865 964 monachi
888 899 929 962 vel
952 899 1041 962 clerici
1065 913 1152 962 causo
1175 897 1240 961 lucri
1264 896 1454 972 negotientur3

315 1005 342 1064 et
364 1019 400 1064 ne
422 1003 548 1066 monachi
570 1018 588 1066 a
610 1003 715 1066 clericis
738 1003 779 1065 vel
807 1001 885 1064 laicis
907 1003 1002 1064 dimas
1024 1004 1149 1079 tencnut;
1172 1015 1260 1078 nequo
1283 999 1342 1062 laici
1365 995 1454 1060 eccle·

316 1105 430 1166 siastira
454 1104 584 1168 beneficia
606 1106 640 1168 ad
664 1107 758 1168 firmas
781 1104 962 1181 suscipiant“.

401 1310 431 1371 il.
477 1309 665 1374 Alexandri
689 1309 727 1372 lll.
752 1309 834 1372 Bulla
856 1325 910 1386 „ne
923 1309 1072 1371 beneficiati
1090 1308 1177 1370 nostri
1195 1307 1304 1369 tradant
1317 1304 1453 1367 ecclesias

314 1410 349 1472 ad
373 1411 507 1490 tirmarn“,
541 1413 630 1475 missa
661 1411 751 1475 abbati
780 1414 807 1473 el
839 1411 985 1474 conventui
1008 1409 1040 1475 S.
1063 1411 1133 1489 Aug.
1158 1410 1352 1472 cantuariens,
1376 1423 1450 1470 mon.

314 1514 398 1588 illisi.
423 1531 496 1577 mom
520 1513 552 1579 S.
575 1519 644 1596 Aug.
669 1515 699 1578 G.
723 1515 759 1597 by
784 1515 886 1578 Tlrorn.
911 1514 943 1576 ol
961 1511 1087 1576 Elmiram
1111 1531 1137 1592 p.
1161 1507 1247 1586 ltu.)

399 1617 573 1692 „Alexander
595 1635 638 1698 cp.
660 1617 691 1682 S.
715 1615 747 1680 S.
772 1616 804 1680 D.
826 1617 916 1680 abbati
934 1615 964 1680 S.
979 1616 1124 1697 Augustini
1138 1616 1170 1680 u.
1193 1615 1312 1678 salntem
1335 1616 1361 1676 et
1383 1630 1452 1693 apo-

216 1741 218 1748 ’
315 1720 440 1782 stolicam
464 1721 691 1784 bernediotionem.
713 1720 875 1784 Audivimus
897 1723 923 1784 et
939 1721 1082 1783 audientes
1099 1719 1272 1796 nequivimus
1285 1733 1340 1780 non
1355 1717 1453 1791 mirari,

314 1821 386 1899 urrod
410 1822 544 1899 quaedam
567 1824 747 1887 ecclesiarum
770 1824 928 1886 monasterii
951 1823 989 1886 tui
1012 1839 1059 1902 per
1081 1823 1197 1884 clericos
1212 1821 1354 1884 annuatim
1370 1821 1454 1898 pretio

314 1925 519 1996 distrahuntur3
544 1926 615 1988 unde
637 1927 770 2005 contingit
791 1926 863 2004 quod
881 1926 997 2005 propriis
1015 1924 1245 2002 possessionibus
1257 1922 1454 1984 defraudantur

315 2027 342 2086 et
364 2025 434 2102 quod
458 2027 572 2104 gravius
605 2029 663 2103 est,
696 2028 824 2090 decenter
846 2029 873 2090 in
896 2029 938 2090 eis
961 2027 1057 2090 Divina
1080 2027 1170 2090 elicio
1192 2025 1303 2089 minime
1324 2027 1451 2104 agantur.

315 2127 393 2190 Unde
425 2129 555 2205 quorrium
576 2129 648 2207 quod
672 2147 812 2210 perperam
835 2130 870 2193 ab
893 2130 955 2192 aliis
977 2133 1069 2210 agitur
1091 2129 1171 2193 rrobis
1194 2128 1314 2191 imminet
1338 2125 1455 2189 sollicite

316 2231 518 2309 corrigendum,
540 2233 700 2295 nrrctonrnn
722 2232 875 2312 apostolica
898 2232 1083 2311 prohibemus,
1117 2247 1151 2294 ne
1173 2231 1272 2308 aliquis
1295 2230 1454 2292 clericorum

315 2334 424 2395 tuorum
447 2335 625 2397 corrunissam
648 2334 700 2396 sibi
723 2335 868 2398 ecclesiam
892 2335 1018 2413 cuiquam
1041 2333 1075 2397 ad
1093 2336 1197 2396 iirxxram
1215 2332 1351 2412 assignet.
1375 2330 1453 2406 Quod

316 2438 341 2497 si
365 2435 456 2498 lecerit
478 2436 557 2498 liceat
579 2436 624 2498 tibi
647 2452 710 2499 eum
734 2440 880 2516 usquead
903 2437 1122 2501 satisfactionem
1144 2452 1296 2516 corrgruam
1320 2434 1455 2498 ecclesiae

317 2538 447 2600 ueneficio
468 2539 629 2601 auctoritate
651 2539 808 2618 apostolica
829 2540 976 2619 spoliaret

400 2743 433 2804 ll.
478 2742 666 2804 Alexandri
690 2743 720 2805 lll
744 2744 834 2820 bullo,
867 2743 958 2821 „quod
982 2741 1114 2806 Sacrislia
1147 2743 1187 2804 uel
1211 2743 1370 2805 Carrrernria
1399 2757 1454 2803 rmn

315 2843 456 2908 tradantur
480 2844 514 2908 ad
538 2847 643 2908 lirmam
672 2846 734 2908 sine
755 2862 896 2910 consensu
920 2846 1029 2926 capituli
1055 2862 1080 2909 a.
1107 2840 1199 2924 1179,
1222 2843 1244 2907 V
1266 2861 1292 2907 a.
1315 2844 1367 2908 cal.
1389 2843 1454 2906 turn.

315 2946 434 3020 (ilistor.
459 2963 532 3010 mco.
555 2945 587 3010 S.
610 2950 680 3028 Aug.
705 2949 784 3012 Cant.
807 2966 833 3028 p.
857 2945 945 3025 426.)

399 3049 576 3126 „Alexander
596 3066 638 3129 ep.
662 3049 693 3114 S.
711 3049 743 3114 S.
759 3052 804 3129 li,
826 3052 946 3131 capitulo
969 3049 1000 3116 S.
1013 3052 1158 3132 Augustini
1182 3051 1311 3114 cantuar.
1334 3049 1453 3113 salutem

315 3159 341 3216 et
363 3170 408 3233 ap.
422 3153 483 3216 ben.
507 3153 626 3218 Nostrae
647 3155 841 3219 sollicitudinis
864 3160 956 3219 estet
978 3155 1058 3218 officii
1082 3171 1132 3234 pro
1155 3155 1344 3218 unxiversurum
1365 3153 1453 3216 eccle·

313 3257 416 3319 siarum
439 3258 512 3319 statu
536 3261 663 3335 satagere
686 3259 712 3319 et
734 3274 776 3335 ea,
798 3274 870 3336 qnae
887 3259 913 3320 in
932 3258 1001 3337 ipsis
1019 3257 1165 3320 indiscrete
1182 3259 1259 3335 durni,
1283 3257 1453 3336 providentia

314 3359 391 3421 sedis
413 3358 580 3437 apostolicae
604 3359 716 3422 ornnino
738 3377 862 3438 cassare,
885 3363 915 3424 ut
936 3360 990 3424 sub
1013 3377 1079 3423 cura
1096 3362 1123 3422 et
1139 3359 1270 3440 regimine
1284 3362 1452 3426 nostrosin·

312 3461 388 3542 gula
403 3464 494 3523 vestra
517 3461 647 3524 tenellcia
669 3463 696 3524 in
720 3461 793 3526 bono
814 3465 889 3525 statu
912 3467 1074 3541 cooperante
1096 3463 1212 3526 [turnino
1235 3468 1409 3542 perseverent
1426 3468 1453 3527 et

314 3581 347 3627 ea
370 3563 539 3644 praesertim,
561 3579 632 3640 uuae
655 3565 755 3626 uestris
777 3566 895 3645 propriis
916 3566 1016 3629 usibus
1038 3564 1256 3644 suntdeputata.
1280 3564 1449 3645 Eapropter,

313 3667 402 3730 dilecti
424 3666 450 3728 iu
473 3664 591 3729 Domino
613 3665 670 3743 lilii,
693 3668 793 3730 vestris
814 3669 896 3754 iustis
919 3669 1150 3749 postulationibus
1173 3671 1281 3748 gratum
1297 3667 1453 3747 impertien-

319 3775 361 3853 tes
384 3785 545 3848 assensum,
579 3783 614 3830 ue
641 3769 786 3847 quisquam
820 3769 907 3833 abbas
938 3773 999 3832 stre
1026 3771 1167 3851 praelatus
1189 3769 1323 3833 ecclesiae
1345 3774 1453 3832 vestrae

315 3872 468 3934 sacristiam
492 3870 533 3932 vel
556 3872 733 3934 camerariam
755 3873 863 3949 absque
885 3889 1027 3936 consensu
1050 3874 1135 3936 totins
1153 3872 1270 3951 capituli,
1292 3869 1326 3934 ad
1345 3873 1452 3934 lirinum

316 3975 397 4052 dare,
430 3975 471 4036 vel
498 3975 548 4036 sibi
577 3990 715 4052 usurpare
736 3976 895 4052 praesumat
916 3975 1080 4053 praedictam
1103 3974 1257 4037 sacristiam
1280 3978 1307 4034 et
1328 3989 1453 4036 camera·

318 4079 385 4140 riam
408 4075 542 4139 devotioni
565 4078 674 4139 vestrae
694 4078 855 4139 auctoritate
876 4076 1030 4156 apostolica
1051 4077 1248 4139 consumamus
1260 4080 1286 4138 et
1298 4077 1452 4155 praesentis

314 4181 406 4260 scripti
440 4181 588 4260 patrocinio
623 4180 841 4261 comrnmrimus3
874 4181 1044 4259 statuentes,
1068 4180 1097 4243 ut
1124 4179 1191 4242 nulli
1215 4178 1327 4242 omnino
1350 4179 1452 4242 homini

315 4285 396 4348 liceat
418 4283 488 4348 lanc
510 4285 637 4366 paginam
660 4286 773 4348 nostrae
794 4285 1010 4348 confirmationis
1027 4285 1175 4365 intringere
1187 4283 1228 4348 uel
1241 4285 1264 4347 ei
1276 4283 1451 4360 aliquatenus

313 4389 457 4452 contraire.
502 4387 532 4452 Si
555 4390 617 4466 uuis
645 4389 696 4452 lioo
717 4389 849 4451 attentare
870 4388 1102 4468 praesumpserit,
1125 4388 1339 4469 indignationem
1361 4387 1450 4448 omini·

315 4492 436 4570 potentis
458 4491 506 4554 llei
529 4499 555 4554 et
578 4492 717 4554 bealorum
740 4491 812 4554 Petri
836 4493 862 4553 et
883 4491 962 4554 Pauli
996 4492 1186 4570 apostolorum
1209 4493 1270 4555 eius
1293 4507 1326 4552 se
1348 4489 1452 4552 nouerit

317 4594 524 4660 incursnmm“.
570 4593 653 4670 (Data
677 4593 818 4673 Anagniae
840 4591 872 4654 V.
897 4593 955 4655 Cal.
979 4592 1056 4668 lun.)

782 4713 985 4729 Μ
