3644 5268
844 647 863 714 9

285 798 542 867 Salesbiriensem
561 799 733 868 obtinuisse
749 800 837 866 illmn
853 801 947 867 certis
964 801 1144 868 auctoribus
1163 805 1340 888 consum).
1372 804 1420 870 Ad

286 903 428 984 qucm²⁷)
451 896 576 984 quidem
600 903 689 967 miles
711 907 744 967 et
765 902 926 968 abbatissa
948 911 1162 982 accesserunt,
1184 907 1274 987 quasi
1297 907 1421 972 ordina·

284 1004 381 1084 dum,
415 1007 451 1067 ut
478 1005 605 1070 clericos
631 1003 684 1068 ille
706 1002 745 1067 ab
775 1003 814 1068 iis
836 1011 1054 1084 praesentatos
1076 1007 1264 1072 institueret.
1309 1007 1421 1088 Itaque

284 1105 391 1168 villam
412 1104 498 1169 illam
519 1105 553 1168 in
575 1105 643 1169 eius
666 1103 801 1168 dioecesi
824 1106 918 1170 sitam
940 1124 1011 1172 esse
1033 1113 1122 1188 patet
1142 1113 1175 1173 et
1196 1109 1420 1173 monasterium

285 1306 345 1371 nisi
367 1305 447 1372 lortc
469 1309 647 1396 exemptum
669 1303 737 1370 luit.
783 1304 970 1382 Quodnam
993 1327 1102 1374 verum
1125 1311 1176 1390 sit,
1210 1329 1248 1376 ex
1281 1310 1421 1376 coenobii

285 1409 409 1473 nomine
431 1407 606 1490 apparebit.

367 1509 449 1580 Nam
492 1511 526 1576 iu
569 1509 733 1592 permultis
777 1510 935 1577 codicibus
979 1511 1230 1596 editionibusque
1273 1513 1420 1596 legimus:

283 1632 302 1684 a
333 1613 524 1680 manasterio
558 1614 597 1682 de
618 1613 731 1692 Viton,
765 1612 848 1694 quod
878 1631 986 1680 omues
1014 1614 1079 1681 iere
1101 1617 1290 1697 interpretes
1312 1635 1420 1682 mona«

285 1715 416 1782 sterium
449 1716 489 1781 de
523 1717 641 1783 Viutou
673 1715 874 1795 intellegunt,
918 1735 1107 1799 quamquam
1140 1719 1250 1786 eodem
1282 1719 1350 1786 iure
1382 1719 1422 1784 de

285 1817 392 1884 Vilton
413 1818 515 1900 accipi
536 1823 652 1901 potest.
684 1817 866 1890 Pontificem
888 1837 962 1884 vero
984 1821 1207 1892 monasterium
1229 1823 1422 1894 Vinionense

282 1939 345 1984 non
368 1919 483 1986 dixisse
505 1939 577 1987 mox
598 1920 777 1994 viderimus,
817 1920 950 1993 Etiamsi
973 1923 1055 1994 enim
1078 1922 1243 1988 Vintoniac
1265 1923 1327 1993 duo
1349 1941 1419 1988 coe·

284 2019 380 2086 uobia
401 2021 600 2102 exstiterunt,
622 2039 718 2086 uuum
740 2021 803 2086 iam
825 2039 895 2086 cam
917 2023 956 2088 ob
978 2041 1122 2096 caussam
1143 2023 1315 2104 mittamus,
1338 2023 1423 2103 quod

284 2123 551 2205 monachorum²⁸)
574 2127 652 2204 erat,
675 2123 808 2189 altemm
830 2143 913 2205 vero,
936 2125 1020 2206 quod
1042 2124 1286 2206 eratvirginum,
1299 2123 1422 2190 duabus

281 2223 456 2290 rationibus
478 2223 556 2289 illud
579 2225 803 2290 monasterium
825 2243 887 2290 non
911 2243 981 2290 esse
1004 2223 1181 2290 confirmari
1198 2243 1319 2291 censeo.
1352 2226 1421 2290 Pn'-.

282 2346 367 2392 mum
393 2327 426 2392 iu
455 2327 627 2408 appendice
648 2326 754 2396 Later.
777 2331 882 2392 exstat
902 2327 1052 2408 Wiltbon,
1074 2329 1108 2393 in
1130 2327 1311 2394 collectione
1331 2327 1419 2410 Lips.

286 2430 447 2510 Winiltou,
470 2429 555 2511 quod
576 2429 659 2493 idern
683 2433 740 2493 cst.
785 2429 950 2510 Deinceps
972 2431 1004 2496 id
1026 2431 1110 2512 quod
1132 2430 1350 2513 gravissimum
1373 2435 1423 2494 cst

282 2533 506 2598 monasterium
528 2531 712 2597 Viltonense
734 2529 774 2596 ab
797 2530 923 2613 Edgaro
945 2533 1198 2616 constitutum²⁰)
1219 2532 1322 2613 ipsum
1345 2551 1420 2613 qua

279 2789 342 2847 Dec.
362 2783 439 2843 1184.
474 2787 517 2840 Oi.
535 2803 612 2854 quoq.
631 2787 746 2840 Clrron.
768 2785 873 2847 'l'borm
901 2787 1012 2840 Wilres
1035 2787 1112 2850 (Galo
1129 2787 1156 2843 11
1178 2804 1203 2853 p.
1223 2784 1282 2843 atr:
1309 2805 1335 2840 e.
1354 2785 1421 2840 1184

282 2875 346 2926 obiit
372 2879 398 2925 et
423 2873 576 2926 Joscelinus
599 2873 692 2925 Sarum
719 2873 857 2939 episcopus
883 2879 990 2938 recepto
1016 2875 1088 2938 prius
1115 2873 1206 2926 habitu
1233 2873 1422 2926 monachorum

281 2949 519 3016 cisterciensium.'·
538 2959 919 3011 Cl.aun.de'1'beokeeb.
942 2959 976 3010 ed
994 2975 1019 3009 a.
1038 2955 1105 3011 1184
1128 2959 1158 3023 (l.
1175 2975 1199 3012 e.
1217 2976 1242 3025 p.
1261 2957 1317 3020 53).
1351 2959 1420 3010 Eum

281 3062 304 3096 a
319 3042 391 3097 1183
409 3056 540 3096 mortuum
558 3045 615 3097 cse'e
632 3045 709 3096 affert
724 3045 835 3096 Marah.
853 3045 948 3094 Paris
966 3043 983 3094 l.
1001 3060 1024 3096 c.
1042 3059 1068 3109 p.
1086 3041 1128 3100 08,
1151 3045 1191 3096 Ab
1209 3049 1317 3096 auctore
1333 3050 1421 3096 aarum

280 3131 367 3186 annal.
386 3131 501 3182 Wavarl.
520 3132 631 3184 traditur
649 3145 708 3182 earn
726 3131 840 3190 demisso
859 3132 1010 3196 episcopatu
1038 3147 1063 3180 a.
1084 3127 1150 3182 1184
1169 3131 1266 3182 lactum
1290 3147 1349 3183 esse
1367 3148 1421 3182 nro

280 3216 392 3273 nacbunr
412 3217 509 3268 ordinis
530 3216 718 3278 Ciaterpienels.

345 3297 392 3358 ‘llil
402 3303 442 3352 De
451 3303 508 3354 aius
517 3303 639 3358 societate
649 3301 677 3350 iu
686 3299 865 3350 coutmversia
873 3300 943 3365 regis
953 3314 1011 3349 cum
1023 3300 1049 3355 S.
1056 3299 1158 3350 Tboma
1166 3299 1280 3350 conflata
1298 3299 1331 3350 ci.
1344 3301 1421 3364 epist.

280 3385 307 3437 S.
325 3386 442 3438 Thomas
460 3403 485 3438 a.
505 3381 571 3438 1100
589 3385 715 3449 (wilkins
732 3384 749 3435 l.
769 3399 791 3434 e.
809 3384 830 3434 1.
849 3400 875 3450 p.
893 3381 945 3434 448
963 3384 1012 3434 col.
1029 3381 1047 3434 8
1064 3386 1082 3435 1.
1100 3385 1130 3440 1.)
1152 3389 1231 3450 atque
1248 3384 1281 3434 de
1299 3385 1355 3435 eius
1374 3401 1417 3434 ex-

277 3473 514 3522 communicatione
530 3471 564 3523 ci.
581 3471 698 3522 literae
714 3468 893 3520 Alexandri
912 3468 953 3518 111
970 3485 994 3519 a.
1007 3465 1075 3520 1170
1085 3469 1211 3528 (Wilkius
1220 3470 1237 3519 l.
1247 3484 1270 3520 c.
1278 3469 1300 3519 1.
1310 3485 1335 3533 p.
1346 3468 1417 3533 450),

277 3557 401 3609 Barduli.
429 3558 466 3609 da
484 3559 551 3609 Dic.
569 3558 587 3608 i.
604 3572 627 3607 c.
655 3555 688 3606 cd
705 3571 730 3606 a.
749 3551 817 3606 1170
847 3554 993 3619 (Twysden
1019 3571 1045 3620 p.
1063 3553 1126 3614 353)
1144 3555 1301 3608 Bremton.
1321 3554 1417 3606 Cbrcn.

277 3643 425 3709 (Twyedeu
445 3661 470 3710 p.
486 3639 564 3708 loca)
582 3643 712 3695 (lernae.
731 3640 826 3694 chron.
845 3640 988 3704 (Twysdea
1011 3657 1036 3706 p.
1060 3638 1145 3699 1413).

348 3729 392 3784 lit
411 3730 458 3782 Sin
481 3745 545 3782 vcro
567 3728 710 3780 Gouaalesr
734 3727 864 3778 Joanucm
883 3725 1112 3790 salesbiriensem,
1139 3727 1289 3792 scriptorem
1317 3728 1421 3778 notissi-

279 3831 353 3866 mum
371 3816 505 3878 intellexit,
523 3815 574 3866 hoc
590 3819 620 3865 ut
636 3813 804 3864 falsissimum
821 3813 910 3863 reicio.
946 3811 1023 3862 lllurn
1043 3814 1111 3862 enim
1130 3813 1230 3863 socium
1248 3812 1420 3863 etmalorum

279 3899 311 3952 8.
331 3899 448 3952 Thomae
467 3902 619 3967 participem
637 3913 777 3965 numquam
804 3899 838 3949 ad
857 3897 1050 3949 Salabriensem
1077 3897 1165 3948 sedem
1191 3903 1339 3962 promotum
1360 3913 1419 3948 esee

280 3985 402 4038 vidimus.

344 4067 390 4133 88)
408 4071 569 4124 Ethelretl.
586 4070 657 4123 abb.
675 4068 800 4121 ltieval.
824 4067 856 4119 de
874 4067 1032 4134 genealogia
1049 4083 1104 4132 reg.
1121 4067 1230 4134 Anglor.
1247 4083 1289 4132 ap.
1307 4067 1419 4132 Twye·

279 4155 338 4207 dun
362 4173 387 4223 p.
405 4155 456 4211 aad
482 4164 508 4209 ct
524 4153 559 4210 40
585 4155 636 4208 lroc
662 4155 696 4207 ab
724 4155 847 4206 Eduardo
875 4155 1007 4206 conditum
1034 4171 1092 4206 csse
1118 4155 1212 4220 prodit.
1256 4154 1296 4206 Ol.
1314 4169 1419 4220 qnorpuo

276 4243 450 4294 Chronicle
466 4243 583 4312 Angla·
596 4243 665 4295 Sex.
684 4243 724 4295 ed.
742 4243 778 4308 by
795 4241 869 4308 Benj.
887 4242 993 4308 Tborpe
1014 4242 1099 4293 Lond.
1117 4237 1183 4294 1801
1212 4241 1246 4292 ad
1264 4257 1288 4292 a.
1306 4237 1366 4293 003.
1394 4245 1421 4290 et

274 4329 345 4381 infra
362 4330 396 4381 ad
413 4347 438 4381 a.
455 4327 514 4384 003.
549 4331 589 4381 Cf.
608 4330 719 4381 Marah.
737 4329 837 4380 Paris.
855 4327 888 4377 de
906 4333 972 4392 gest.
992 4333 1063 4393 pont.
1081 4327 1098 4380 1
1117 4343 1140 4378 c.
1158 4345 1184 4393 p.
1201 4322 1255 4379 arb
1273 4344 1330 4392 sqq.

344 4413 390 4476 10)
408 4416 570 4468 Ethelred.
588 4416 605 4467 l.
624 4432 647 4466 c..
666 4432 690 4481 p.
709 4413 760 4467 350
787 4420 813 4464 et
832 4409 873 4464 00.
901 4437 934 4447 --
957 4414 1083 4465 Contiu.
1110 4413 1146 4463 de
1169 4413 1273 4479 gestis
1296 4412 1417 4476 Anglo-

275 4517 339 4551 rum
357 4501 405 4552 lib.
422 4501 449 4552 Il
467 4518 490 4552 c.
508 4499 541 4554 33
558 4519 584 4567 p.
602 4499 666 4562 3¹22,
692 4518 714 4551 c.
733 4498 766 4552 34
784 4516 808 4565 p.
828 4496 878 4552 323
909 4501 935 4548 in
962 4501 1072 4549 Rerum
1102 4499 1280 4550 Britannic.
1309 4497 1418 4560 script.

275 4593 368 4640 veter.
387 4588 506 4648 Heidelb.
527 4585 601 4640 1537·
621 4615 653 4626 -
671 4587 782 4638 Mattlr.
802 4588 904 4637 Paris.
923 4587 940 4635 l.
959 4601 982 4636 e.
1001 4601 1026 4648 p.
1046 4584 1108 4636 054.
