3644 5268
836 687 844 699 '
879 679 925 749 '36

363 857 364 860 ’
425 839 551 922 itaque,
584 840 611 905 sl
640 841 672 904 in
694 839 879 922 glossatoris
901 837 1078 920 opinionem
1101 837 1233 921 ingressi
1259 837 1388 925 erimus,
1422 861 1481 928 pro

338 944 504 1010 manifesto
528 943 730 1008 iudicandam
753 946 811 1021 est,
834 939 1012 1022 pontificem
1040 940 1090 1006 vel
1112 960 1225 1007 ranam
1252 961 1328 1010 sane
1350 964 1387 1012 ao
1408 947 1480 1013 luti-

342 1049 404 1112 lem
430 1046 619 1110 sententiam
642 1045 778 1110 edidisse
800 1045 849 1110 vel
872 1059 1136 1124 supervacaneam
1159 1044 1246 1109 illarn
1268 1047 1394 1128 quidam
1412 1069 1482 1130 pro-

338 1151 457 1214 tulisse.
503 1147 583 1212 Nam
607 1149 634 1212 si
662 1148 694 1212 ia
717 1147 804 1213 curia
826 1146 910 1228 regis
938 1145 1029 1210 miles
1056 1146 1244 1212 obtinuisset
1265 1151 1355 1230 qnasi
1377 1156 1482 1232 putro-

334 1271 403 1332 nm,
427 1250 597 1316 Alexandri
623 1250 779 1316 sententia
802 1247 961 1330 superduc
983 1247 1110 1328 fuisset,
1144 1249 1193 1314 sin
1215 1267 1290 1315 vero
1312 1251 1482 1335 abbatissa,

338 1361 445 1420 contra
468 1354 582 1434 papule
605 1352 764 1416 decretum
786 1353 917 1416 clericus
941 1351 1078 1415 amilite
1099 1357 1320 1432 praesentatus
1343 1373 1483 1422 remove-

338 1460 435 1518 retur.
459 1454 507 1516 An
531 1470 605 1516 vero
624 1453 693 1532 quis
707 1451 919 1530 affirmaverit,
942 1449 1130 1531 pontificem,
1153 1453 1341 1518 sententiam
1353 1457 1485 1522 incuria

337 1553 492 1619 saeanlari
519 1550 671 1616 infirmari
703 1553 813 1632 licere,
842 1553 1011 1632 diligenter
1032 1569 1251 1619 concessurum
1274 1554 1323 1618 rel
1346 1574 1484 1638 unquam

336 1655 548 1721 concessisse?
591 1651 735 1718 Profecto
768 1654 852 1718 enirn
880 1652 1068 1720 infirmanda
1089 1653 1214 1733 luisset,
1248 1657 1275 1718 si
1304 1657 1354 1722 ius
1376 1664 1482 1740 patro·

339 1764 443 1837 natus,
467 1762 635 1836 antequam
648 1756 1059 1837 clericusinstitutnsesset,
1082 1758 1115 1822 ia
1134 1757 1220 1822 curia
1232 1757 1323 1822 militi
1346 1760 1482 1826 evictam

336 1859 440 1924 luerit.
474 1857 583 1938 Neque
605 1859 638 1921 in
660 1859 719 1923 hac
740 1877 776 1923 re
798 1859 970 1940 quidquam
992 1862 1209 1936 commutatur,
1232 1858 1262 1922 si
1283 1859 1376 1925 illud:
1399 1863 1432 1926 si
1444 1899 1479 1910 -

336 1960 470 2023 obteneat
503 1959 543 2023 ud
571 1960 740 2024 secundam
762 1965 885 2024 tantum
908 1962 1044 2041 speciem
1072 1959 1231 2040 pertinere
1254 1959 1483 2044 intellegamus

339 2063 426 2142 Papa
448 2061 532 2124 enim
556 2061 605 2124 ius
630 2063 735 2126 curiae
757 2080 815 2126 nea
836 2061 1010 2142 ignorabat,
1034 2081 1091 2126 nec
1112 2062 1258 2141 ignorare
1281 2061 1398 2128 debuit.

422 2163 521 2228 Nobis
543 2181 617 2226 vero
645 2163 690 2226 ad
713 2163 880 2226 alteram
902 2163 939 2226 in
962 2163 1094 2244 glossa
1121 2161 1293 2242 positam
1315 2167 1485 2245 speciem

336 2264 513 2344 progressis
537 2263 699 2343 graviores
722 2281 844 2327 errores
867 2269 1040 2327 occunnnt.
1084 2264 1130 2328 Ac
1151 2262 1286 2342 primum
1309 2266 1435 2345 quidem
1452 2269 1486 2332 id

335 2365 522 2444 stabilimus,
557 2363 634 2429 illud
667 2386 730 2426 noa
751 2375 876 2448 eccepto
899 2364 967 2427 abore
985 2375 1175 2448 pratronatao
1204 2365 1375 2430 secundum
1402 2369 1485 2449 glos-

336 2469 451 2533 satoris
474 2467 652 2548 opinionem
680 2466 721 2530 ad
749 2466 831 2532 hunc
853 2468 987 2532 alterum
1010 2485 1118 2532 casum
1139 2484 1202 2530 non
1224 2472 1380 2546 spectare:
1408 2471 1486 2535 alio·

337 2571 413 2652 quin
449 2571 533 2634 enim
566 2569 670 2648 inepte
693 2573 791 2647 esset,
829 2570 856 2634 si
889 2569 1028 2651 pontifex
1056 2571 1151 2636 etium
1179 2569 1211 2632 in
1232 2569 1291 2632 hac
1319 2572 1423 2650 speeie
1445 2573 1485 2637 de

337 2673 476 2738 firmario
505 2675 574 2753 ipso
604 2677 735 2752 patrono
758 2673 940 2754 cogitasset,
974 2672 1098 2752 longius
1132 2671 1171 2735 de
1203 2671 1399 2738 institutione
1422 2694 1484 2739 non

338 2776 527 2842 infirmanda
549 2775 713 2840 disserere.
743 2772 798 2838 Sin
820 2794 894 2840 vero
917 2775 975 2841 hoc
997 2794 1072 2840 casu
1093 2775 1143 2838 ius
1165 2777 1350 2854 patronatus
1372 2777 1404 2841 ia
1428 2778 1483 2842 da·

337 2881 423 2944 tione
446 2877 486 2943 ad
508 2876 630 2942 firmam
653 2882 815 2957 exceptum
838 2878 881 2940 sit
902 2877 1156 2957 iuremeritoque
1178 2875 1356 2942 indubium
1377 2881 1486 2944 venire

341 2986 454 3062 potest,
477 2999 553 3044 mun
575 2978 746 3042 Alexandri
773 2979 890 3043 decisio
923 2979 964 3042 ad
985 2981 1138 3043 rationem
1159 2979 1307 3059 legesque
1328 2979 1411 3044 facta
1432 2982 1484 3046 sit·

342 3083 401 3146 lati
424 3083 521 3160 enim,
555 3081 608 3160 qui
641 3079 687 3143 ita
708 3081 966 3160 interpretantur,
994 3082 1027 3144 in
1054 3079 1283 3144 inextricabiles
1305 3083 1484 3162 perplexas-

343 3201 404 3264 que
427 3182 590 3261 opiniones
613 3181 783 3246 incurrunt.

368 3361 371 3368 .
427 3281 508 3344 Nam
530 3282 560 3344 in
574 3282 679 3362 glossa
700 3283 740 3345 ad
762 3283 907 3362 papalem
930 3283 1188 3364 disceptationem
1206 3285 1487 3364 argumentandum

342 3385 492 3464 legimus,
526 3379 698 3446 firmarium
726 3381 823 3447 luisse
851 3384 884 3448 in
911 3385 989 3448 iuris
1011 3389 1196 3465 patronatus
1219 3387 1417 3464 possessione
1439 3387 1486 3451 id-

344 3505 405 3567 que
428 3485 625 3566 potissimum
654 3503 692 3547 ea
718 3481 753 3548 re
775 3489 900 3564 patere,
933 3505 1030 3566 quum
1057 3485 1146 3549 miles
1178 3503 1251 3549 reus
1278 3487 1311 3550 in
1338 3505 1486 3567 processu
1572 3567 1573 3570 Ἴ

344 3589 394 3652 sit.
440 3587 580 3650 Primum
602 3585 716 3663 obicio,
749 3585 880 3648 militem
908 3605 1067 3667 nunquam
1095 3588 1127 3650 in
1154 3586 1269 3649 seisina
1296 3587 1373 3650 iuris
1395 3605 1485 3666 prae-

347 3689 492 3752 scrutandi
514 3686 620 3765 fnisse,
643 3688 671 3749 si
693 3704 841 3766 expresse
864 3693 1028 3768 exceptum
1051 3693 1143 3751 esset.
1191 3687 1282 3750 lllam
1305 3687 1387 3750 enim
1410 3688 1487 3751 duo-

346 3791 405 3853 bus
428 3793 552 3853 tantum
574 3779 674 3861 modis
708 3788 827 3868 acquiri
848 3805 941 3868 posse
963 3787 1030 3853 lori
1052 3793 1180 3869 putant:
1209 3787 1320 3852 ultima
1341 3807 1488 3868 praesen-

343 3891 464 3956 tatione
487 3909 556 3954 cnm
579 3886 690 3954 effectu
711 3889 741 3954 lr.
766 3907 792 3954 e.
825 3907 887 3954 non
910 3887 1077 3956 infirmata
1100 3909 1136 3956 aa
1162 3891 1259 3955 tacita
1279 3889 1490 3974 ‚translatione

347 3996 397 4060 vel
421 4013 570 4075 expressa
592 4011 661 4058 aum
684 3994 882 4072 possessione
904 3995 1034 4074 praedii.
1089 3992 1228 4068 Quarum
1250 3992 1376 4074 quidem
1399 4009 1490 4056 caus·

345 4117 452 4162 surum
476 4097 562 4176 prior
583 4095 669 4159 nullo
691 4096 783 4160 modo
806 4095 846 4160 ad
868 4095 901 4160 id
922 4097 1006 4176 quod
1028 4097 1087 4162 hoa
1108 4101 1247 4178 tempore
1261 4100 1489 4177 pertractamus

347 4198 458 4266 reterri
480 4203 595 4279 potest,
624 4215 719 4278 quum
753 4199 860 4262 statim
887 4217 1023 4279 persona
1056 4203 1257 4280 praesentata
1290 4204 1323 4262 et
1344 4199 1490 4262 instituta

346 4301 559 4382 praesentatio
582 4301 791 4380 impugnetur.
830 4299 989 4376 Quomodo
1012 4307 1118 4365 autem
1140 4301 1218 4381 quie,
1243 4319 1340 4381 quum
1362 4300 1411 4364 ius
1432 4319 1487 4380 pa·

347 4407 491 4466 tronatus
524 4401 691 4482 diligenter
719 4401 878 4466 exclusum
906 4401 962 4483 sit,
996 4403 1227 4484 possessionem
1255 4401 1296 4465 ad
1318 4399 1488 4466 firmarium

346 4505 639 4584 translatumesse,
673 4503 813 4568 conicere
836 4505 951 4586 possit,
986 4504 1111 4570 difficile
1139 4509 1189 4570 est
1216 4504 1394 4583 intellectu,
1427 4503 1488 4568 nisi

346 4606 426 4671 forte
438 4625 516 4687 eum,
540 4607 594 4686 qui
611 4607 670 4672 sibi
688 4609 919 4687 possessionem
943 4609 1119 4690 arripuerit,
1142 4606 1401 4690 quasitraditione
1418 4623 1487 4688 pos-
