3644 5268
938 661 959 724 8

463 815 581 879 tatione
604 812 746 894 praelata
767 813 883 878 nullius
906 829 975 876 esse
991 812 1149 892 momenti,
1183 813 1342 894 praedicto
1366 815 1511 897 episcopo

462 916 494 978 iu
533 915 649 979 virtuto
683 915 878 978 obedientiae
916 913 1065 992 iniunxit,
1109 914 1193 994 quod
1226 933 1391 995 personam
1427 918 1514 990 illarn

463 1017 619 1095 reciperet
652 1019 685 1078 et
711 1015 744 1078 in
765 1015 994 1094 possessionem
1016 1013 1194 1093 induceret,
1229 1033 1324 1095 quam
1357 1015 1516 1082 abbatissa

463 1114 524 1179 sibi
556 1116 737 1180 decreverat
772 1115 1056 1197 lpraesentandams
1094 1117 1142 1188 (et
1173 1111 1284 1183 inira:l
1320 1115 1515 1196 Mandemus,

462 1221 634 1298 quatenus,
657 1215 685 1280 si
706 1217 796 1282 vobis
818 1215 1009 1295 constiterit,
1041 1213 1124 1298 quod
1145 1213 1288 1294 praefato
1309 1217 1400 1282 militi
1423 1236 1514 1298 prae,

467 1319 584 1400 scripta
605 1318 680 1384 villa
700 1339 762 1384 non
785 1325 916 1400 excepto
938 1319 1006 1384 iure
1028 1321 1214 1398 patronatus
1237 1317 1277 1382 ad
1299 1316 1421 1386 firmam
1443 1337 1515 1386 cou-

464 1437 562 1501 cessa,
584 1422 634 1486 vel
656 1426 825 1512 antequam
847 1423 887 1487 de
915 1421 985 1494 iure
1006 1423 1191 1502 patronatus
1218 1419 1300 1484 inter
1322 1420 1516 1488 abbatissam

465 1528 498 1588 et
531 1523 663 1588 militam
692 1523 904 1599 controversia
937 1526 1022 1586 asset
1055 1519 1199 1597 suborta,
1231 1519 1391 1602 praefatus
1415 1521 1452 1587 G.
1476 1525 1517 1589 de

465 1623 636 1689 Leicestria
658 1625 690 1688 in
712 1622 1060 1706 praescriptaecclesia
1081 1639 1138 1703 per
1160 1622 1339 1704 episcopum
1361 1623 1402 1688 ad
1423 1642 1515 1705 prae..

466 1724 674 1790 cantationem
702 1726 810 1791 militis
838 1725 1003 1790 institutus
1024 1723 1150 1804 fuisset,
1187 1724 1216 1788 ci
1244 1725 1411 1790 dummodo
1438 1727 1517 1792 alias

467 1826 510 1889 sit
530 1826 661 1902 idoneus
684 1827 869 1892 adiudicatis
892 1828 993 1909 ipsam
1006 1825 1169 1900 ecclesiam
1191 1825 1244 1904 ita,
1267 1826 1350 1906 quod
1373 1828 1400 1891 si
1421 1825 1517 1892 abbas

468 1927 548 1991 tissa
559 1928 700 2004 obtineat
711 1929 861 2004 adversus
873 1929 1015 2008 militem,
1037 1927 1084 1991 illi
1106 1928 1145 1992 de
1167 1927 1391 2008 temporalibus
1403 1927 1519 1996 debeat

464 2029 663 2108 respondere.

443 2127 601 2193 Dividitur
622 2131 718 2212 igitur
740 2129 1027 2196 utPanormitanus
1048 2129 1182 2192 maxime
1204 2127 1333 2208 probat,
1354 2129 1386 2192 in
1409 2137 1516 2210 partes

381 2229 459 2294 duas
471 2231 616 2312 epistula,
639 2251 771 2314 quarum
793 2233 825 2298 in
836 2232 937 2304 altera
953 2245 1065 2296 caussa
1086 2231 1156 2310 ipsa
1174 2230 1346 2296 decidenda
1367 2232 1398 2296 in
1416 2233 1517 2297 altera

378 2330 534 2413 pontificis
557 2335 714 2400 sententia
735 2341 830 2418 atque
852 2333 1034 2398 mandatum
1057 2333 1265 2399 continentur.
1309 2333 1396 2412 Quae
1418 2353 1514 2418 quum

380 2436 426 2499 ita
447 2435 525 2516 sint,
558 2435 598 2500 ad
620 2435 773 2501 rationem
796 2436 931 2505 dilucida
962 2435 1138 2500 institutam
1160 2435 1351 2526 planumque
1372 2436 1514 2500 ordinem

376 2538 464 2616 prius
488 2537 527 2602 de
549 2538 653 2618 priore
675 2537 832 2602 disserere
854 2537 929 2601 mihi
951 2537 984 2602 in
1007 2538 1110 2614 animo
1132 2544 1189 2603 est

460 2637 647 2718 Priusquam
680 2657 753 2702 vero
791 2639 832 2702 ad
863 2639 965 2718 ipsam
999 2641 1137 2719 speciem
1170 2637 1246 2702 facti
1277 2637 1509 2718 aggrediamur,

375 2741 470 2800 antea
493 2738 532 2799 rle
553 2739 695 2817 regione,
717 2739 749 2800 in
771 2757 834 2818 qua
856 2741 976 2820 agitur,
1005 2746 1037 2802 ot
1064 2739 1103 2802 dc
1125 2738 1281 2817 personis,
1304 2757 1383 2818 quae
1405 2743 1513 2818 agunt,

375 2837 483 2914 paucis
506 2836 667 2915 disputare
694 2837 805 2918 placet.
850 2837 937 2913 Quae
965 2839 1049 2902 enim
1075 2838 1135 2902 etsi
1158 2837 1199 2900 ad
1221 2854 1287 2916 cap,
1310 2837 1412 2916 ipsum
1436 2855 1508 2916 per·

372 2935 566 3013 spiciendum
588 2954 649 3000 non
672 2938 805 3002 multum
827 2939 941 3018 valent,
963 2945 1069 3003 tamen
1090 2943 1218 3020 propter
1240 2955 1361 3002 errores
1383 2938 1421 3001 de
1443 2938 1504 3001 hac

376 3054 411 3098 re
433 3037 634 3117 pervolgatas
656 3058 718 3104 nou
740 3057 869 3120 prorsus
891 3040 1067 3117 omittenda
1088 3058 1157 3105 esse
1178 3045 1335 3121 putamus.

460 3138 631 3205 Exorditur
659 3147 765 3206 autern
797 3143 938 3222 pontifex
965 3142 1146 3224 epistulam:
1180 3160 1218 3219 ex
1245 3142 1345 3217 literis
1370 3142 1400 3207 J.
1423 3140 1511 3206 Sala-

376 3240 511 3306 briensis
534 3242 671 3323 episcopi
692 3244 883 3324 accepimus,
906 3262 1000 3326 quem
1021 3244 1122 3308 virum
1134 3241 1338 3319 Ganzalesius
1359 3243 1513 3308 Joannem

378 3342 637 3420 Salesbiriensem
660 3344 814 3425 intellegit
826 3345 875 3426 ²³).
914 3344 1012 3410 Nemo
1034 3351 1140 3410 autem
1162 3349 1313 3426 regnante
1334 3345 1512 3410 Alexandro

380 3461 417 3508 oo
450 3446 574 3510 nomine
606 3444 770 3525 episcopus
798 3443 986 3512 Salesbiriae
1018 3447 1150 3512 inveniri
1187 3453 1300 3528 potest.
1354 3447 1511 3513 decelinus

379 3546 482 3626 potius
505 3547 544 3612 de
559 3545 672 3611 Balliol
693 3546 747 3610 ille
769 3547 967 3628 accipiendus
983 3553 1042 3628 est,
1065 3548 1211 3629 quoniam
1233 3553 1412 3629 portatum
1434 3549 1512 3613 illud

378 3653 503 3729 tempus
531 3649 584 3732 (ab
613 3665 642 3714 a.
668 3645 885 3744 1142“)usq.
909 3649 1138 3729 adalldd²⁵)
1166 3651 1272 3716 sedem
1302 3651 1509 3731 episcopalem

445 3889 491 3950 13)
508 3892 527 3943 1.
544 3909 568 3943 e.
588 3890 622 3944 ad
640 3907 698 3957 cap.
717 3891 768 3942 VIl
785 3893 829 3946 cit.

449 3974 495 4041 Ἣ)
512 3979 554 4029 Da
576 3995 607 4030 ao
631 3992 700 4027 auno
722 3981 925 4032 consecrationis
952 3980 985 4031 ci.
1003 3974 1116 4038 Annal.
1141 3980 1179 4030 da
1200 3980 1341 4047 Margan.
1369 3983 1404 4032 ad
1427 3999 1452 4033 a.
1475 3983 1511 4032 cit

377 4063 478 4118 (annal.
488 4064 625 4115 monastici
641 4079 670 4128 p.
679 4061 737 4126 1413
754 4064 772 4114 J
777 4065 892 4116 chaun.
910 4068 1010 4131 prior.
1019 4066 1213 4130 Hagmatald.
1223 4067 1365 4125 (Simeonis
1375 4068 1508 4118 Duuehm.

378 4148 438 4200 lrist.
457 4153 527 4200 cont
545 4163 587 4213 ap.
605 4148 737 4212 'I'wysdan
754 4149 771 4200 l.
789 4165 812 4200 c.
830 4167 856 4216 p.
873 4146 937 4200 adda
960 4152 1107 4203 docelinum
1132 4151 1344 4203 archidiaconum
1362 4153 1513 4204 Wintonen·

376 4249 430 4284 sam
448 4234 553 4298 Rogata
570 4236 622 4284 iam
640 4231 743 4285 altat
760 4237 920 4286 successisse
938 4237 1025 4287 tradit.
1050 4238 1127 4300 Quod
1144 4241 1232 4288 tamen
1249 4244 1399 4302 suspectum
1417 4239 1510 4288 iudico.

280 4375 281 4380 ¹
377 4318 417 4370 Cf.
436 4319 503 4367 anim
520 4334 589 4368 ann.
608 4308 842 4370 Wavarleicus.
861 4319 895 4376 ad
912 4335 938 4370 a.
956 4317 1037 4384 1139,
1054 4337 1079 4372 a
1098 4319 1166 4374 llto
1194 4320 1271 4379 {Gala
1288 4323 1316 4373 II
1334 4340 1359 4389 p.
1378 4321 1427 4375 153
1444 4325 1512 4387 sqq.)

377 4409 403 4452 at
420 4418 489 4455 ann.
508 4403 544 4453 de
562 4403 741 4454 'Pheokasb
760 4405 793 4454 ad
812 4405 882 4456 eosd.
901 4420 993 4456 annos.

444 4487 491 4544 25)
509 4490 549 4538 Da
566 4505 635 4540 anno
658 4491 747 4540 mortis
773 4505 877 4554 quoque
901 4491 1041 4554 scriptores
1068 4491 1134 4541 iuter
1161 4506 1189 4541 aa
1207 4491 1365 4556 discrepant.
1401 4489 1511 4541 Secutus

376 4589 433 4636 aum
450 4573 623 4638 Radalium
650 4575 687 4626 de
709 4574 778 4636 Dic.
802 4575 895 4639 Ymag.
918 4575 979 4627 hist.
1001 4575 1147 4640 (Twysdan
1173 4591 1198 4640 p.
1217 4572 1293 4639 datu
1321 4576 1386 4625 obiit
1402 4573 1434 4626 lt
1453 4574 1512 4626 Kal.
