3644 5268
901 613 942 678 53

350 763 445 844 dique
467 767 575 829 autem
605 759 696 826 firma
721 761 767 826 ita
795 763 1009 840 constituitur,
1043 767 1079 828 ut
1105 769 1288 846 perpetuam
1310 783 1380 834 esse
1401 768 1495 850 plane

346 865 471 931 eluceat
479 865 528 941 ⁸⁰).
560 863 670 946 Neque
698 863 796 928 ullum
828 869 1047 944 argumentum
1059 883 1097 930 ex
1108 866 1167 932 hae
1177 872 1329 948 perpetua
1340 867 1430 935 firma
1440 890 1493 937 su·

347 973 463 1050 matur,
487 967 617 1034 'firmam
652 965 776 1032 omnino
805 964 1027 1031 hereditariam
1056 966 1154 1035 luisse
1167 971 1217 1051 ⁰⁰),
1250 971 1333 1052 quod
1366 971 1492 1038 iamiam

347 1073 441 1138 dictis
464 1073 541 1138 satis
564 1070 728 1139 refutatur.
774 1068 922 1134 Attamen
945 1069 1004 1136 lroe
1026 1090 1125 1154 usquo
1147 1073 1179 1138 iu
1201 1073 1338 1139 medium
1361 1075 1492 1158 prolatis

345 1176 530 1258 impugnata
551 1176 708 1242 sententia
735 1171 912 1240 oonfinnari
934 1172 1071 1256 videtur,
1101 1173 1223 1242 firmam
1245 1175 1342 1242 luisse
1364 1187 1490 1246 eonces-

345 1279 466 1346 sionem
493 1279 534 1344 ad
561 1279 687 1361 longum
709 1283 842 1358 tempus.
896 1277 939 1340 nt
965 1295 1005 1342 ne
1032 1277 1090 1345 hoo
1117 1279 1244 1362 quidem
1266 1281 1409 1348 veritatis
1430 1302 1488 1348 nu·

345 1401 449 1448 meros
475 1382 507 1446 in
537 1399 572 1448 se
599 1381 708 1462 habet,
731 1386 767 1446 ut
794 1400 832 1445 ex
854 1379 964 1461 rebus,
988 1399 1068 1462 quae
1090 1387 1280 1465 sequuntur,
1316 1385 1400 1451 illieo
1433 1404 1488 1466 ap-

346 1484 478 1567 parebit

575 1620 605 1688 4.
637 1621 772 1687 Firma¹
795 1620 842 1685 ad
879 1620 1067 1686 modicum
1099 1626 1258 1703 tempus.
1345 1653 1347 1659 ·

430 1757 562 1822 Omissis
584 1757 647 1822 illis
669 1755 783 1836 firmis,
816 1775 894 1837 ques
917 1776 955 1822 ex
976 1757 1108 1820 historia
1129 1757 1325 1824 Ilamesiensi
1348 1760 1410 1824 iam
1432 1779 1485 1824 su·

344 1877 403 1939 pra
424 1859 558 1940 allegavi
571 1857 626 1938 ⁹¹),
659 1857 755 1922 allero
777 1860 816 1922 ad
844 1857 1041 1923 refutandam
1068 1857 1155 1922 illam
1178 1861 1364 1923 sententiam
1387 1860 1487 1940 diplo-

345 1964 432 2024 mata
453 1979 515 2024 non
538 1959 638 2024 multo
665 1964 738 2039 post
764 1958 935 2024 Alexandri
958 1959 1121 2024 decessum
1143 1960 1320 2040 conscripta
1332 1961 1382 2035 ⁹³).
1427 1961 1484 2023 At-

343 2080 405 2143 que
427 2062 563 2143 primum
588 2059 714 2142 quidem
731 2059 872 2124 chartam
894 2061 985 2126 valde
1007 2060 1177 2126 notabilem
1203 2061 1288 2126 intra
1309 2080 1337 2126 a
1360 2061 1484 2128 1205-

344 2165 427 2232 1224
448 2162 563 2229 laetam
584 2181 623 2228 ex
645 2161 861 2228 cartulario
893 2165 1055 2227 monast.
1084 2161 1115 2228 S.
1138 2163 1247 2228 Petri
1269 2163 1388 2244 Glae,
1422 2185 1486 2247 qua

340 2265 529 2332 monasterio
549 2265 713 2345 praedium
736 2263 893 2344 quoddam
915 2263 947 2327 in
970 2264 1287 2344 quattuordecim
1309 2285 1429 2331 anuos
1451 2273 1485 2330 et

340 2387 403 2434 una
415 2368 536 2449 virgata
547 2371 651 2431 terrae
669 2365 701 2430 in
724 2366 936 2432 tresdecim
958 2384 1057 2430 annos
1075 2365 1116 2430 ad
1127 2364 1250 2431 firmam
1266 2368 1486 2433 conceduntur.

339 2469 438 2547 Quam
461 2467 601 2534 tabulam
624 2469 657 2533 in
679 2467 837 2533 Additum.
860 2468 918 2535 Ill.
940 2467 971 2532 b.
1004 2468 1117 2550 recepi.
1173 2468 1254 2534 Item
1276 2471 1484 2535 committitur

337 2592 364 2637 a
390 2571 472 2638 1250
494 2589 515 2636 a
536 2575 691 2637 conventu
711 2577 845 2637 monast.
869 2572 908 2636 de
931 2571 1213 2650 Theokesberia⁹³l
1242 2573 1287 2638 ad
1310 2578 1390 2638 tres
1413 2591 1481 2638 an-

336 2693 402 2741 uos
425 2673 598 2740 ecelesia
619 2671 650 2738 S.
675 2671 708 2737 G.
732 2672 892 2754 capellano
915 2674 1037 2740 cuidam
1060 2674 1100 2739 ad
1120 2673 1256 2754 firmam;
1279 2675 1482 2740 similitered

335 2795 448 2843 unum
469 2793 608 2842 annum
630 2775 762 2840 ecelesia
772 2774 803 2840 S.
815 2775 863 2839 W.
876 2775 1036 2857 capellano
1047 2795 1103 2857 pro
1115 2776 1174 2841 XV
1191 2777 1316 2844 merois.
1345 2776 1427 2842 Item
1440 2778 1482 2854 ⁹⁴)

334 2879 500 2962 quisquam
528 2875 568 2943 ab
596 2877 707 2944 eodem
734 2877 923 2943 monasterio
946 2879 1109 2945 ecelesiam
1135 2880 1175 2945 de
1197 2881 1232 2944 L.
1254 2899 1324 2962 per
1345 2880 1383 2946 V.
1410 2898 1476 2945 an-

332 3003 400 3050 nos
422 2983 463 3048 ad
485 2980 608 3048 firmam
629 2979 740 3046 habuit
762 2980 845 3058 (Vll.
869 2981 897 3046 d.
920 2982 978 3047 Iul.
1005 2982 1117 3063 1252);
1139 2983 1215 3048 item
1237 2983 1319 3048 alius
1341 2983 1411 3066 quis
1429 2983 1475 3048 illi

332 3085 524 3154 monasterio
535 3083 710 3150 manerium
721 3083 878 3165 quoddam
890 3104 919 3152 a.
935 3084 1015 3151 1249
1029 3089 1070 3162 ⁹³)
1092 3087 1139 3153 ad
1157 3087 1363 3152 terminum
1374 3085 1476 3151 XXV

334 3208 518 3256 annorum
540 3184 725 3252 adfirmem
747 3187 868 3252 dimisit
890 3225 925 3236 -
951 3188 1022 3271 Sed,
1046 3195 1078 3256 et
1100 3191 1158 3256 hoe
1179 3189 1399 3271 gravissimum
1416 3194 1473 3269 ost,

332 3292 454 3374 legibus
482 3290 713 3368 ecelesiasticis
734 3289 901 3372 diligenter
934 3293 1106 3373 strioteque
1128 3292 1330 3356 ecelesiarum
1351 3292 1473 3357 ratione

331 3394 422 3460 firma
445 3393 487 3457 ad
507 3391 634 3472 longum
656 3395 780 3472 tempus
802 3391 852 3455 vel
874 3392 914 3456 ad
937 3393 1032 3457 vitam
1055 3391 1263 3459 inhibebatur.
1290 3391 1387 3469 Quae
1402 3412 1473 3473 pro-

326 3527 530 3543 ...a———n-u

400 3595 445 3661 89)
464 3598 504 3648 cf.
529 3597 592 3662 dipl.
611 3597 674 3646 XIX
702 3596 729 3645 in
756 3596 873 3645 cartul.
892 3611 969 3647 mon.
988 3596 1015 3646 S.
1034 3599 1065 3648 P.
1084 3596 1116 3648 G.
1136 3614 1161 3662 p.
1182 3595 1232 3648 159
1258 3596 1420 3646 tradiderant
1437 3596 1473 3644 ad

330 3691 480 3748 perpetuom
491 3682 596 3746 fimana
614 3695 697 3729 omnes
714 3677 896 3730 decimationes.
927 3680 965 3730 Gi.
984 3680 1097 3732 Annal.
1117 3681 1154 3733 de
1172 3681 1419 3731 Thookesboria
1436 3680 1471 3730 ad

331 3784 355 3818 a.
376 3765 444 3821 1110
461 3783 486 3832 p.
505 3762 547 3816 65.
565 3763 680 3814 maiman
697 3770 780 3813 nutem
794 3779 844 3827 pro
860 3763 927 3814 dicta
943 3771 1015 3815 tarro
1030 3766 1131 3816 tanariae
1143 3773 1283 3831 perpetuae
1299 3765 1396 3828 finitae.

400 3851 446 3912 90)
465 3851 504 3902 Cf.
522 3849 637 3900 Matth.
656 3849 758 3898 Paris.
777 3849 824 3899 vit.
842 3851 896 3915 vig.
915 3855 946 3901 tr.
965 3852 1024 3902 abb.
1043 3866 1067 3915 p.
1079 3849 1113 3902 53
1123 3867 1178 3916 sqq.
1199 3854 1347 3915 (processus
1357 3850 1389 3900 de
1399 3851 1467 3900 silva

333 3937 475 4003 Northaga.
510 3933 666 3996 <Annales
694 3933 731 3983 de
758 3933 940 3986 Theolresb.
958 3951 983 4000 p.
1004 3935 1036 3987 75
1063 3935 1097 3986 ad
1124 3951 1148 3989 a.
1168 3932 1235 3987 1230
1258 3937 1303 3986 nbi
1321 3935 1466 4001 perspicuis

332 4023 420 4073 verbis
438 4020 576 4086 opponitur
593 4018 668 4071 firma
684 4019 735 4068 iuri
753 4018 926 4080 heriditario.)

397 4105 442 4172 ol)
461 4105 501 4158 Gi.
518 4121 598 4170 supra
615 4106 668 4156 adn
693 4099 726 4156 76
744 4121 769 4169 p.
788 4101 828 4157 19.

397 4191 442 4256 9¹2)
459 4193 541 4244 Valde
558 4192 689 4257 antiquius
707 4191 850 4257 exemplum
877 4191 936 4242 talis
954 4191 1043 4242 firmae
1066 4193 1161 4258 quippe
1184 4191 1217 4242 ad
1235 4192 1284 4242 XX
1303 4209 1394 4244 annor.
1421 4209 1463 4258 ap.

329 4283 357 4332 M
364 4282 443 4334 alth.
460 4281 560 4331 Paris.
577 4280 622 4329 vit.
640 4279 693 4343 vig.
711 4283 742 4330 tr.
762 4280 822 4330 abb.
842 4297 867 4345 p.
886 4276 921 4332 sb
939 4279 989 4330 eol.
1008 4277 1021 4330 l
1042 4280 1073 4332 F.
1095 4281 1234 4330 invenitur.

395 4366 442 4425 93)
458 4365 597 4417 Annales
615 4365 646 4414 lo
663 4363 844 4416 Theokosb.
863 4365 896 4416 ad
914 4381 939 4416 a.
957 4366 1000 4416 eit
1023 4383 1048 4431 p.
1068 4363 1127 4419 ldl.

395 4447 640 4516 mffipm

395 4535 441 4598 bo)
459 4537 518 4588 ibid.
537 4537 571 4587 ad
588 4553 629 4588 an.
648 4539 689 4587 eit.
707 4552 733 4601 p.
752 4529 810 4588 108.
