3644 5268
799 651 839 718 25

243 799 331 871 uobis
354 799 534 870 traderetur
547 803 595 884 '’).
640 797 793 884 Exempla
826 821 901 868 vero
934 800 1159 884 parochialium
1190 799 1391 872 ecclesiaram

245 902 277 970 in
299 905 382 971 villis
395 909 623 971 exstructarum
646 905 674 969 si
696 906 766 986 quis
784 923 821 969 ex
843 903 981 970 lontibus
1000 903 1147 989 colligere
1172 907 1280 988 vellet,
1302 907 1395 972 facile

244 1026 305 1072 non
335 1013 453 1089 posset.
497 1005 740 1072 Innumerabilia
768 1010 902 1071 exstant
947 1005 1028 1084 Quid
1060 1009 1155 1073 vero?
1199 1009 1333 1074 ecclesia
1360 1009 1392 1074 in

244 1108 320 1174 villa
341 1109 404 1174 sita
419 1127 521 1175 rrcnne
542 1127 612 1174 cum
631 1107 740 1174 eadem
768 1108 809 1172 ad
832 1105 953 1172 firmam
976 1115 1044 1180 dari
1066 1112 1192 1197 potest?
1213 1111 1298 1176 Num
1319 1130 1395 1178 vero

245 1211 470 1276 monasterium
498 1212 554 1276 tali
576 1211 667 1276 modo
692 1210 733 1276 de
757 1210 890 1275 ecclesia
917 1199 1102 1284 disponendi
1124 1217 1316 1284 potestatem
1337 1213 1393 1279 ha-

246 1310 358 1394 buerit,
381 1318 448 1379 tum
470 1314 595 1379 demum
618 1312 788 1392 disceptari
809 1317 931 1393 potest,
960 1311 997 1392 si,
1020 1308 1177 1393 quomado
1199 1316 1332 1382 ecclesia
1353 1315 1394 1382 ab

247 1415 299 1481 illo
321 1415 466 1498 pendeat
489 1414 775 1498 perquisiverimus

337 1512 376 1586 ln
410 1539 473 1602 qua
505 1519 690 1602 quaestione
724 1516 897 1583 decidenda
928 1515 1126 1598 potissimum
1159 1518 1201 1584 ad
1234 1520 1311 1585 illud
1344 1517 1395 1584 de·

248 1622 357 1691 tanea
364 1645 508 1709 persono
520 1621 736 1704 respiciamus.
765 1619 933 1698 Quaeritur
944 1621 1036 1702 enim,
1058 1626 1164 1687 utrum
1176 1623 1308 1688 ecclesia
1329 1643 1395 1690 mo·

249 1726 386 1791 austerio
409 1727 615 1808 appropriata
642 1723 745 1804 luerit
775 1742 883 1789 necne.
929 1723 962 1788 Si
989 1724 1068 1789 illud
1090 1725 1240 1790 acciderit
1261 1725 1396 1808 ideoque

250 1828 283 1892 in
304 1829 449 1910 proprios
471 1827 655 1894 monasterii
676 1845 753 1892 usus
775 1844 867 1892 versa
888 1824 944 1890 illa
965 1827 1016 1907 sit,
1038 1826 1116 1892 nihil
1138 1828 1293 1908 obstaret,
1316 1847 1394 1910 quo·

247 1930 351 1994 minus
379 1929 513 1996 ecclesia
539 1929 580 1995 ad
602 1928 724 1995 firmam
748 1927 885 1993 daretur.
940 1928 1109 1996 Permultis
1136 1929 1220 1995 enim
1242 1929 1394 2010 exemplis

246 2027 306 2096 hoc
338 2030 550 2112 confirmatur,
577 2031 619 2096 ad
651 2030 734 2111 quod
762 2030 1042 2096 demonstrandum
1079 2031 1161 2096 hauc
1188 2050 1282 2096 unam
1311 2049 1394 2096 com-

248 2151 388 2199 memoro
409 2151 552 2200 caussam
582 2132 731 2200 ecclesiae
761 2131 800 2197 dc
827 2131 1039 2210 Faversbam,
1078 2133 1118 2198 de
1150 2151 1214 2215 qua
1245 2133 1396 2199 Innocen-

249 2235 312 2302 tius
334 2233 383 2302 111
403 2235 436 2301 ia
458 2253 525 2317 cap.
555 2234 598 2300 LI
630 2234 669 2299 X.
702 2233 742 2299 de
775 2233 890 2315 appell.
925 2233 1138 2316 disceptat’⁸).
1198 2233 1398 2316 Litigabatur

251 2339 349 2419 euim,
382 2343 488 2404 utrum
509 2339 556 2404 illi
578 2337 720 2404 Osbomo
743 2336 782 2402 de
805 2335 938 2402 Camena
965 2337 1097 2402 eeclesia
1118 2337 1159 2402 ad
1180 2336 1303 2402 haram
1324 2355 1397 2403 con·

202 2513 206 2520 ,
251 2459 341 2508 cessa
362 2437 413 2518 sit,
435 2459 538 2505 annon
561 2439 624 2505 sit?
653 2437 709 2504 Sin
730 2444 838 2504 autem
861 2438 995 2504 ecclesia
1018 2456 1088 2519 cap.
1111 2438 1172 2504 VII
1194 2439 1398 2521 appropriata

250 2548 341 2622 essct
374 2548 562 2624 personatus
589 2559 687 2622 penes
710 2541 936 2606 monasterinm
967 2545 1145 2604 remaneret
1172 2542 1306 2623 ideoque
1325 2562 1397 2626 por·

252 2668 330 2708 aona
352 2645 430 2710 nihil
464 2643 550 2710 aliud
582 2660 676 2723 quam
704 2642 839 2708 vicarius
868 2647 1038 2722 perpetuus
1060 2641 1271 2724 intellegenda
1303 2646 1397 2708 esset.

250 2745 329 2810 Nam
353 2765 415 2810 non
438 2745 535 2809 semel
558 2745 589 2807 in
611 2744 749 2808 conciliis
777 2744 983 2808 oecumenicis
1006 2741 1259 2824 Britannicisquc
1281 2744 1397 2808 consti·

252 2847 409 2924 tuebatur,
444 2851 481 2910 ut
510 2865 572 2910 non
600 2845 774 2910 residentes
802 2849 898 2924 atque
930 2845 1119 2925 praesertim
1145 2845 1337 2911 monasteria
1363 2845 1397 2910 iu

253 2948 491 3031 (appropriatis)
514 2947 654 3012 ecclesiis
676 2948 824 3012 vicarium
846 2946 1261 3030 perpetuumhabereut00).
1283 2946 1317 3013 Si
1338 2947 1397 3030 igi·

257 3069 459 3082 *n*

320 3120 367 3185 aa)
389 3122 431 3174 Oi.
450 3119 648 3186 Polyclitea.
665 3121 801 3189 Higdin.
820 3123 853 3174 de
870 3125 950 3189 episc.
969 3121 1097 3173 occidant.
1115 3137 1158 3187 ap.
1177 3119 1274 3173 dalet
1292 3113 1394 3186 paam

200 3265 202 3268 ,
253 3207 385 3261 Willisl.
402 3207 568 3258 Malmasb.
586 3207 719 3273 degestio
737 3208 830 3274 pontif.
848 3224 892 3274 ap.
911 3206 1001 3259 Savile
1020 3223 1036 3272 p
1053 3203 1115 3258 att.

325 3292 584 3351 astronianum
607 3293 684 3344 ralds
706 3294 880 3344 memorabilis
897 3298 982 3344 textus
1004 3292 1095 3354 iuveni
1117 3291 1187 3358 apud
1209 3291 1398 3353 Thorulum,
1428 3270 1438 3297 ἡ

256 3383 298 3444 qui
316 3379 403 3430 allatis
422 3379 539 3444 epistolis
558 3379 686 3444 pontificis
704 3379 829 3443 regisque
846 3379 972 3439 donanis,
997 3377 1084 3429 allatis
1103 3377 1303 3444 exceptionibus
1320 3377 1398 3442 repli-
1437 3440 1439 3445 Ι

257 3465 454 3530 nationibusque
472 3463 662 3530 archiepiscopi
681 3469 708 3514 et
726 3463 829 3513 abbatis
849 3469 929 3513 totum
950 3479 1100 3528 processum
1119 3480 1135 3513 a
1153 3480 1211 3529 cap.
1235 3461 1264 3514 17
1287 3479 1344 3527 usq.
1362 3459 1397 3512 ad

255 3548 305 3612 §.3
320 3565 379 3615 cap.
392 3547 424 3600 13
442 3549 555 3615 exponit.
574 3548 676 3598 Deinde
686 3549 796 3613 plurima
806 3549 839 3598 da
850 3549 1103 3599 bacradocumcnta
1118 3555 1221 3600 exstant
1239 3551 1266 3598 iu
1283 3548 1397 3598 Histo-

254 3635 301 3686 ria
319 3636 509 3685 monasterii
528 3635 555 3684 8.
574 3635 654 3699 Aug.
674 3633 760 3686 Cant
785 3635 825 3698 by
842 3635 899 3684 Th.
917 3634 952 3683 of
967 3633 1122 3690 Elmbaru.

327 3717 373 3778 99)
391 3721 478 3769 Testis
497 3725 537 3769 eat
555 3721 705 3770 constitutio
724 3719 852 3783 quaedam
871 3720 901 3768 R.
920 3720 1005 3769 Poore
1025 3720 1117 3769 Sarum
1141 3719 1259 3784 episcopi
1284 3733 1309 3768 a.
1329 3713 1396 3768 1223

257 3801 317 3854 data
333 3801 350 3852 ‘2
369 3804 525 3867 (Wilkins
544 3803 557 3854 Ι
576 3821 600 3868 p.
619 3799 695 3866 hilii,
722 3802 768 3868 qui
781 3801 955 3868 parochialem
973 3802 1089 3853 laubaca-it
1111 3804 1252 3863 eccleciam,
1278 3801 1301 3851 si
1323 3802 1350 3852 ira
1368 3817 1399 3851 cu

260 3904 310 3939 rrora
326 3889 384 3939 uelit
401 3889 523 3950 residere,
540 3888 639 3940 ordinet
656 3888 685 3938 in
701 3887 749 3937 «tta
765 3895 915 3953 perpetuum
932 3888 1067 3949 uicarium,
1089 3889 1134 3954 qui
1151 3887 1179 3937 in
1196 3888 1254 3952 ipsa
1272 3895 1307 3936 est
1324 3904 1399 3936 cono-

259 3973 313 4022 aice
329 3973 489 4032 statuendas,
516 3972 561 4038 qui
577 3979 751 4036 compclaruem
768 3972 859 4022 habeat
881 3972 913 4021 de
931 3973 1011 4036 iprsa'aca
1029 3973 1145 4022 ccclesiae
1159 3971 1324 4037 prooerrtibua
1337 3987 1399 4035 por·

260 4055 364 4119 timaeum
390 4059 462 4106 testis
480 4063 521 4106 cat
536 4055 588 4105 alia
605 4055 733 4120 quaedam
752 4073 783 4107 ax
802 4058 898 4107 constit
925 4057 1044 4120 synodal.
1064 4057 1257 4107 Sodorausibus
1286 4071 1308 4106 a.
1330 4051 1396 4107 lhhl

261 4141 386 4192 conlectis
404 4157 427 4192 c.
445 4139 511 4191 XIII
528 4140 679 4198 (Wilhina
696 4141 723 4191 Π
742 4159 766 4206 p.
787 4140 861 4204 lll):
886 4139 1034 4202 atotairaua,
1058 4149 1086 4190 ut
1103 4141 1133 4192 in
1149 4141 1256 4192 eccesia
1272 4139 1400 4206 religioso·

263 4242 321 4276 rura
339 4227 375 4278 acl
387 4226 505 4292 parapasios
522 4243 584 4277 umas
601 4227 773 4292 appropriatis
795 4227 969 4279 secundum
990 4227 1160 4280 concilium
1183 4227 1401 4278 Laterurreusc

263 4312 353 4363 alcarii
369 4312 525 4364 ordinentur.
560 4314 636 4364 Licet
661 4312 712 4364 hae
734 4313 815 4364 multo
843 4322 904 4379 post
930 4320 1046 4364 nostram
1074 4316 1286 4366 constitutionem
1313 4313 1400 4364 editae

262 4399 334 4461 sint,
351 4405 438 4450 tamen
455 4399 499 4448 illo
516 4405 631 4463 tempora
647 4400 752 4449 iamiam
771 4398 860 4450 eadem
880 4400 1009 4465 principia
1035 4401 1064 4448 in
1080 4399 1217 4450 Britannia
1234 4398 1351 4450 valuisse
1368 4412 1401 4447 ex

260 4485 501 4550 appropriationum
519 4484 652 4550 exemplis,
670 4501 736 4550 quas
753 4485 922 4536 'l'hornius
940 4484 1016 4536 affert
1033 4484 1053 4547 (l
1080 4502 1103 4537 c.
1122 4502 1145 4538 e.
1164 4482 1201 4542 35),
1215 4482 1266 4547 §.l
1286 4479 1402 4551 pmttttb,

262 4571 287 4632 ἕ.
304 4568 330 4633 2,
349 4572 372 4634 9.
391 4603 420 4636 .,
447 4587 514 4638 quae
531 4573 756 4640 appropriationes
773 4569 916 4624 alcandri
933 4572 975 4624 111
998 4571 1078 4625 bullis
1097 4570 1295 4636 confirmantur)
1324 4569 1402 4623 facile

262 4657 390 4726 colligere
406 4675 555 4726 possumus.

1767 2842 1821 3292 {GUGGU
1767 2765 1821 2796 1
1766 2509 1821 2692 auu
1766 2419 1819 2446 Ι
1765 1724 1820 2346 nuatum
