3644 5268
936 676 976 740 18

333 845 334 848 ’
383 831 490 912 Longe
513 833 619 894 autem
642 828 795 909 plurimae
817 827 926 893 firmae
949 829 1044 892 etiam
1067 821 1249 906 rogalos⁸⁸)‚
1272 844 1352 906 quac
1371 825 1401 891 ia
1414 827 1523 892 eodem

383 928 770 1012 libr·o(1)0mcsdeybook)
804 937 899 1011 atque
927 927 1107 1008 diplomatis
1141 925 1275 1008 aliisque
1307 926 1443 992 lontibus
1470 948 1523 994 ea-

384 1036 472 1097 staut
504 1036 559 1096 aut
586 1049 606 1095 a
633 1029 873 1097 conductoribus
895 1035 951 1094 aut
972 1046 992 1094 a
1013 1027 1132 1093 colonis
1154 1035 1211 1093 aut
1231 1047 1252 1092 a
1273 1028 1401 1094 vasallis
1424 1029 1523 1094 solve·

383 1136 499 1201 beatur
511 1136 562 1214 ⁶⁰),
598 1133 638 1200 de
666 1151 730 1216 qua
750 1153 785 1200 re
807 1141 843 1198 ut
865 1132 904 1197 de
926 1129 1025 1198 firmis
1053 1129 1294 1212 hundretorun,
1328 1129 1524 1212 forestarum,

383 1237 614 1316 declaraturum,
648 1236 823 1302 wardarum
862 1231 944 1298 inira
977 1230 1108 1298 uberius
1144 1233 1337 1298 disseramus
1350 1235 1402 1312 ⁷⁰).
1459 1235 1526 1300 Hoc

383 1341 511 1422 quidem
533 1340 599 1404 loco
622 1341 701 1406 satis
723 1345 773 1406 est
794 1339 1039 1414 demonstrasse,
1063 1333 1184 1402 firmam
1201 1355 1271 1402 esse
1289 1335 1385 1402 lixum
1397 1355 1525 1404 censum

384 1443 586 1525 (regulariter
608 1459 646 1506 ex
667 1447 821 1522 proveatu
842 1437 965 1518 praedii
988 1437 1163 1520 cuiusdam)
1185 1439 1420 1520 praestandum.

473 1575 563 1653 Quod
585 1593 647 1656 quo
669 1577 771 1657 magis
792 1575 921 1657 liqueat
944 1573 984 1638 ad
1006 1574 1200 1654 privatorum
1223 1571 1455 1656 resfirmasque
1473 1594 1525 1640 ve-

387 1679 526 1756 niamus,
550 1677 662 1758 quibus
685 1677 842 1741 sententia
864 1694 935 1740 moa
955 1693 1018 1740 uon
1040 1674 1253 1754 mediocriter,
1281 1673 1390 1756 credo,
1412 1675 1525 1743 confir-

384 1785 502 1843 matur:
536 1776 635 1841 veluti
668 1777 741 1857 dipl.
764 1776 942 1842 MOCXLII
977 1778 1008 1840 iu
1041 1775 1109 1842 cod.
1133 1775 1259 1856 diplom.
1287 1793 1384 1857 supra
1418 1778 1524 1858 allato,

385 1886 491 1945 vetere
514 1878 588 1959 dipl.
613 1878 765 1943 ecelesiae
787 1878 931 1943 Eleensis
958 1877 1017 1942 sub
1040 1877 1188 1958 auspiciis
1210 1877 1293 1958 regis
1317 1875 1430 1942 Canuti
1453 1896 1524 1943 cou-

386 1981 561 2064 lectum’¹),
585 1999 646 2061 quo
668 1977 759 2044 firma
780 1979 1046 2044 hebdomadarum
1070 1983 1175 2043 certus
1192 1995 1303 2042 census
1315 1981 1524 2061 constituitur,

386 2083 529 2163 catalogo
558 2080 720 2145 firmarum
742 2080 926 2144 monasterii
948 2079 1023 2144 Soti.
1048 2079 1161 2143 Albani
1175 2080 1224 2160 ²²),
1258 2080 1290 2142 in
1313 2098 1374 2160 quo
1395 2081 1526 2164 legitur:

385 2183 530 2246 habemas
552 2182 650 2267 apator
672 2179 710 2243 de
733 2180 884 2242 manerios
905 2179 1024 2241 nostrae
1041 2179 1269 2264 queisquapt'ato
1288 2181 1524 2266 ettreefirmae.

387 2285 531 2348 Famam
552 2304 698 2347 vocamus
720 2279 933 2366 quadraginta
956 2291 984 2342 et
1005 2301 1062 2342 sem
1083 2278 1211 2343 aolo'cloe.
1258 2280 1315 2343 Tot
1337 2304 1411 2368 erqo
1433 2283 1524 2348 habe-

387 2411 456 2452 ruae
478 2387 605 2473 firmas,
639 2395 712 2468 quot
744 2395 817 2446 suat
844 2383 1035 2466 septimanae
1057 2383 1090 2444 ia
1114 2403 1195 2445 anuo
1217 2393 1246 2443 et
1267 2405 1361 2447 auam
1384 2387 1417 2448 ia
1439 2399 1522 2451 arete-

386 2513 513 2554 ceoeom.
558 2489 638 2552 Item
661 2489 800 2550 statutus
823 2502 935 2549 census
957 2489 1008 2548 est
1028 2481 1120 2548 tirrua
1141 2483 1173 2546 iu
1199 2484 1340 2566 catologo
1363 2484 1523 2554 firmarum

386 2590 569 2656 ruoussterii
598 2588 637 2653 de
658 2587 825 2669 Abiugdou
856 2586 890 2650 in
919 2585 1059 2650 eiusdem
1080 2584 1212 2650 historia
1234 2591 1377 2652 exstante
1390 2589 1438 2671 '³).
1483 2592 1527 2656 at

393 2713 431 2757 eu
461 2693 510 2756 his
533 2688 676 2755 omuibus
710 2689 906 2753 documentis
936 2705 1080 2752 caussam
1102 2687 1310 2766 praestandae
1332 2685 1440 2754 firmae
1463 2711 1524 2755 arur

454 2981 499 3046 68)
517 2983 610 3034 Utrum
619 2987 708 3038 firmae
717 2988 822 3040 nomine
836 2985 960 3036 victualia
974 3000 1009 3036 eu
1020 2987 1132 3050 pecunia
1140 2990 1276 3037 numerata
1284 2985 1452 3040 solvebantur
1461 2991 1526 3042 nihil

388 3068 477 3120 refert:
495 3069 529 3122 el.
546 3071 616 3136 Dipl.
634 3075 662 3123 in
680 3073 760 3124 addit.
779 3072 793 3123 Ι
810 3089 834 3125 a.
852 3073 916 3138 (leg.
924 3070 971 3135 tn)
988 3071 1048 3122 adn.
1069 3068 1116 3136 593
1135 3071 1313 3122 cl.Domeed.:
1332 3071 1526 3136 Baieforrtacire

388 3171 485 3206 aream.
504 3155 622 3207 Loitooce:
647 3157 798 3208 dominicum
814 3157 958 3208 maara-ium
974 3156 1041 3222 repit
1057 3171 1113 3222 sqq.
1149 3155 1226 3206 Intra
1243 3164 1319 3207 totum
1335 3158 1401 3209 redit
1414 3177 1463 3225 per
1480 3179 1526 3212 aa·

387 3256 450 3288 nam
468 3241 550 3291 XXX
562 3242 598 3292 od
610 3258 720 3307 pensum
737 3251 760 3293 et
776 3243 867 3296 ricmiri.
885 3243 951 3292 diem
970 3242 999 3291 ia
1010 3243 1143 3305 smmereto
1159 3248 1182 3290 ct
1198 3242 1271 3292 melle
1288 3250 1310 3292 et
1327 3243 1386 3294 aliie
1398 3256 1527 3296 mouetu-

387 3325 490 3376 dlaidus
507 3326 542 3376 ad
551 3327 659 3391 firmam
674 3328 742 3394 repis
756 3328 947 3392 pcrtinentibus.
974 3328 1013 3377 cf.
1032 3342 1102 3392 quoq
1119 3326 1163 3376 Du
1181 3325 1263 3391 (lang.
1282 3327 1298 3377 l.
1316 3343 1339 3379 c.

457 3423 504 3486 tu)
522 3427 562 3481 Cf.
580 3430 726 3480 Domosd.
751 3430 919 3482 Herefordse.
947 3430 1026 3486 (Galo
1043 3429 1064 3490 1,
1082 3446 1108 3494 p.
1128 3423 1197 3489 istil).
1215 3427 1396 3479 Huntedunec.
1419 3428 1496 3493 (Gale
1514 3433 1526 3480 1

388 3526 413 3572 p.
425 3509 495 3572 771),
512 3512 681 3564 Bedet'ordse.
694 3513 785 3575 (sodi,
803 3515 985 3564 Warvviesoire
1003 3520 1041 3576 tp.
1059 3511 1137 3568 titre
1155 3513 1232 3561 modo
1249 3514 1318 3561 intra
1334 3512 1433 3563 firmam
1451 3531 1521 3579 rega·

387 3593 450 3642 lium
461 3596 632 3645 maneriorum
643 3612 711 3660 sqq.;
729 3597 859 3647 Eusessa
868 3594 905 3660 (p.
916 3591 989 3656 lim:
1008 3602 1048 3645 est
1066 3601 1152 3644 autem
1170 3596 1343 3656 consuetudo,
1367 3595 1527 3648 Gestrescirc

349 3713 351 3717 f
388 3686 425 3740 lp.
445 3677 514 3740 778).

460 3777 506 3836 70)
526 3780 587 3830 Huc
612 3782 742 3847 pertinent
768 3797 871 3848 quoque
897 3782 1035 3835 Hauriat
1062 3781 1151 3847 capl
1173 3782 1188 3842 ἕ
1208 3783 1235 3842 l,
1259 3780 1349 3842 xps
1376 3781 1431 3844 (ubi
1455 3784 1528 3832 firma

390 3863 566 3930 intellegenda
584 3871 625 3916 eet
641 3867 822 3918 vicecomitum
849 3868 883 3922 cl.
901 3869 969 3919 infra
987 3868 1047 3917 adn.
1064 3860 1125 3930 tut,
1142 3881 1194 3915 nou
1220 3871 1250 3916 ut
1268 3865 1415 3918 Schmidius
1433 3877 1458 3928 p,
1477 3867 1527 3919 etl

389 3950 422 3999 ad
441 3965 497 4000 voe.
516 3951 605 4001 ieorm.
624 3951 674 4001 col.
694 3949 708 4003 l
727 3953 743 4002 i.
762 3952 780 4002 i.
798 3953 864 4017 vult,
882 3954 1017 4019 praedium
1034 3949 1115 4019 regie)
1137 3951 1201 4001 xlx
1228 3951 1331 4007 leodem
1349 3968 1428 4002 serron
1452 3957 1528 4017 atque

389 4038 416 4084 in
434 4036 458 4085 X
477 4037 492 4097 ξ
509 4035 537 4094 3)
554 4037 615 4088 xcl
633 4039 648 4099 ἓ
665 4035 682 4088 3
710 4036 766 4101 (ubi
783 4037 858 4089 firma
874 4039 943 4090 idem
961 4043 1002 4090 est
1023 4045 1101 4103 atquc
1122 4054 1141 4087 a
1157 4053 1216 4104 repe
1233 4037 1268 4087 aci
1278 4037 1384 4102 ficariam
1401 4036 1525 4098 concessa)

390 4120 430 4171 cf.
448 4137 525 4186 porro
544 4123 625 4174 fleur.
644 4122 772 4174 Huntiad.
790 4125 834 4176 lib.
852 4124 904 4177 VII
921 4141 946 4190 p.
964 4118 1024 4176 378.

458 4222 505 4281 71)
535 4225 656 4277 Hister.
684 4225 800 4277 eccles.
827 4226 976 4279 Eleensie
1002 4224 1047 4275 lib.
1065 4225 1092 4275 11
1119 4240 1143 4276 c.
1167 4219 1202 4273 20
1231 4223 1308 4287 (θιὼ.
1327 4225 1340 4273 Ι
1362 4241 1388 4288 p.
1406 4220 1470 4280 tta-t)
1494 4224 1527 4275 cf.

388 4308 456 4357 iaira
473 4309 533 4361 ada.
550 4306 610 4360 223.

458 4405 501 4472 72)
520 4409 580 4460 Via
598 4415 661 4478 vig.
679 4420 715 4464 tr.
734 4412 803 4468 abb.
821 4423 846 4478 p.
857 4407 902 4477 365
922 4409 1266 4475 exstatuatalogusqaoque
1276 4425 1317 4476 ap.
1329 4409 1372 4459 Du
1382 4407 1463 4472 (lang.
1473 4407 1490 4458 l.
1503 4423 1526 4458 c.

458 4511 502 4570 73)
520 4514 641 4566 Hister.
659 4518 792 4565 monast
816 4512 852 4566 clo
869 4512 1004 4580 luinge.
1028 4508 1081 4564 vol.
1100 4513 1126 4563 11
1143 4523 1204 4578 app.
1222 4512 1263 4562 111
1287 4529 1311 4577 p.
1331 4508 1393 4564 307:
1420 4523 1528 4560 cousue-

388 4597 492 4649 tudiues
510 4598 687 4650 Abeadoniae.
1186 4625 1191 4633 ·
