3644 5268
940 668 980 734 ud

479 925 510 988 d.
534 923 662 986 Charta
684 921 753 985 cui.
785 922 832 1001 (de
854 923 966 987 Etmora
992 929 1019 987 et
1046 925 1080 988 de
1101 922 1303 1000 Puoeieorasstr)
1336 926 1363 988 in
1386 928 1530 992 aadutario

396 1025 553 1091 manasterii
577 1021 607 1089 S.
630 1023 703 1087 Petri
725 1023 913 1088 Gtouaestriae
934 1043 961 1106 p.
984 1023 1047 1092 294
1069 1042 1112 1104 sa.
1281 1032 1285 1042 '

477 1125 599 1204 „Notum
622 1125 659 1188 sit
681 1127 812 1189 omnious
834 1127 905 1205 quod
928 1143 982 1208 ega
1004 1127 1050 1207 H„
1071 1128 1120 1192 Dei
1143 1129 1231 1209 gratia
1252 1127 1341 1193 abhas
1364 1133 1390 1193 et
1412 1147 1531 1196 eonven-

393 1230 440 1292 tus
466 1225 497 1291 S.
526 1228 558 1292 P.
587 1229 790 1307 dioecesano,
822 1230 981 1293 tradidimus
1010 1230 1040 1294 P.
1070 1229 1102 1296 B.
1132 1231 1205 1294 divas
1237 1233 1359 1311 virgatas
1387 1236 1475 1298 terrae
1502 1235 1529 1299 in

391 1330 567 1409 Promotona
590 1349 661 1411 quas
683 1331 717 1396 R.
739 1333 774 1396 da
796 1331 826 1396 P.
846 1333 919 1396 dedit
940 1333 1074 1397 ecelesiae
1096 1336 1225 1412 nostraa;
1246 1335 1381 1398 tenendas
1403 1337 1530 1402 danobis

392 1434 426 1497 ad
451 1435 556 1498 tiemaro
578 1437 683 1498 tanturn
706 1437 733 1498 ia
757 1436 810 1499 vita
832 1453 896 1500 sua.
936 1435 1086 1500 Reddenda
1107 1437 1171 1500 inde
1193 1436 1275 1500 nodis
1296 1440 1438 1503 annuatim
1460 1440 1532 1504 duas

392 1537 477 1602 libras
500 1537 601 1618 piperis
623 1537 658 1602 ad
681 1538 782 1602 testum
805 1537 837 1604 S.
860 1539 1000 1604 Michaelis
1023 1556 1072 1620 pro
1094 1540 1167 1604 amni
1189 1539 1309 1620 servitio,
1335 1545 1449 1622 avoepto
1471 1559 1532 1606 sar·

395 1640 459 1703 vitio
481 1640 577 1720 regati,
609 1641 645 1704 de
673 1658 727 1720 ano
756 1642 825 1706 idem
854 1641 887 1707 P.
911 1659 964 1705 nas
993 1644 1148 1720 aquieiavir.
1191 1643 1247 1707 Pro
1275 1644 1326 1707 ivae
1349 1645 1529 1708 adinventione

395 1743 464 1806 idem
486 1742 519 1807 P.
542 1745 646 1807 remisit
668 1745 749 1808 nabis
771 1745 792 1808 x
815 1745 937 1822 sattius,
963 1747 1081 1824 anasei
1104 1747 1245 1810 annuatim
1267 1745 1397 1824 quamdiu
1421 1748 1530 1826 viveret,

392 1845 572 1910 debebamus.
617 1845 647 1910 Si
671 1864 734 1912 vero
757 1848 827 1912 idam
849 1848 880 1912 P.
908 1849 1024 1912 dimisso
1052 1849 1168 1912 atiornrn
1191 1849 1301 1912 servitia
1323 1849 1405 1912 nobis
1428 1851 1530 1914 servire

394 1949 509 2012 votuerit
531 1950 558 2011 io
580 1952 654 2012 certo
676 1955 703 2012 et
726 1951 810 2014 iibevo
832 1953 950 2031 servitio,
978 1950 1106 2014 dabimus
1128 1953 1155 2012 et
1176 1951 1326 2014 corrodium
1351 1955 1437 2017 unius
1460 1955 1533 2018 tiberi

391 2051 550 2119 servientis.
584 2055 610 2113 et
632 2053 785 2131 praedictae
806 2053 877 2116 duaa
905 2053 1025 2128 uirgatae
1046 2055 1126 2115 arvini
1147 2054 1171 2115 ei
1195 2053 1256 2116 ioco
1278 2053 1473 2125 solidatorum.
1496 2057 1531 2118 ita

392 2155 482 2213 tamam
505 2153 577 2227 adad
601 2152 754 2230 praedictas
781 2153 853 2214 duas
881 2153 965 2215 tibras
988 2153 1089 2231 piperis
1113 2153 1194 2215 nobis
1216 2155 1358 2216 annuatim
1382 2155 1529 2233 persolvet.

390 2251 421 2314 Si
446 2256 538 2316 autem
567 2253 720 2333 praedictas
746 2253 819 2316 duas
841 2254 961 2334 virgatas
988 2257 1076 2317 terrae
1102 2254 1189 2316 eidem
1206 2253 1236 2316 P.
1261 2256 1445 2319 warrantizare
1473 2273 1527 2321 non

390 2356 556 2435 poterimus,
584 2354 731 2418 reddemus
753 2355 777 2417 ei
798 2355 892 2419 deoam
915 2355 1023 2420 satidas
1051 2371 1162 2420 annuas
1184 2355 1257 2419 siout
1278 2358 1390 2421 reddere
1412 2375 1532 2422 consue·

390 2459 490 2522 vimus.
536 2458 608 2522 idern
634 2473 698 2521 vero
720 2457 820 2522 Petrus
847 2459 1028 2522 iuramentum
1062 2459 1144 2522 nobis
1176 2457 1309 2538 praestitit
1336 2460 1409 2537 qnod
1441 2460 1531 2524 tidelis

390 2561 441 2624 erit
463 2562 596 2625 eaaimiaa
619 2563 730 2624 nostrae
763 2565 790 2624 et
821 2560 893 2639 quad
920 2575 972 2624 neo
997 2563 1083 2623 artem
1111 2576 1163 2624 naa
1193 2560 1332 2641 ingenium
1362 2577 1411 2642 per
1432 2579 1465 2626 se
1487 2565 1530 2628 vet

390 2679 438 2742 per
460 2665 544 2728 otium
567 2665 699 2742 exquiret,
722 2664 795 2728 unda
817 2663 918 2728 domna
940 2665 1036 2727 nostra
1064 2679 1112 2743 par
1141 2668 1266 2726 tanvrrana
1294 2679 1375 2727 suam
1397 2665 1527 2731 damnum

390 2767 540 2828 irrourrat.“

473 2867 522 2944 „tn
545 2868 627 2930 ouius
649 2865 836 2929 testimonium
860 2881 995 2943 praesens
1023 2867 1155 2944 scripturn
1177 2866 1204 2927 ia
1228 2865 1338 2928 vnadum
1361 2869 1527 2948 cyrographi

389 2969 570 3048 aoaieoimus,
592 2967 675 3047 eujus
696 2983 780 3031 unam
803 2971 922 3046 partem,
951 2967 1044 3048 sigilio
1066 2967 1200 3031 ecciesiae
1226 2969 1338 3030 nostrae
1361 2968 1527 3046 roboratam,

388 3071 526 3150 praedicta
547 3070 629 3135 Petra
651 3069 822 3135 tradidimus.
845 3069 959 3134 atteram
983 3085 1046 3134 vera
1069 3073 1172 3151 partem
1195 3069 1288 3150 sigilio
1310 3070 1434 3136 eiusdem
1453 3071 1526 3136 Petri

390 3174 521 3238 munitum
543 3189 630 3254 penes
653 3190 707 3237 nos
730 3173 909 3236 retinemus“.

854 3288 1058 3304 —u-—q

475 3362 507 3426 B.
530 3362 661 3425 Charta
673 3359 810 3425 cuuliv.
822 3360 1018 3436 (Lettrintone)
1031 3363 1066 3427 io.
1079 3379 1105 3441 p.
1118 3357 1230 3440 356sq.
1243 3368 1284 3434 (a.
1295 3359 1528 3441 1205-1224).

475 3464 596 3542 „Notum
620 3464 657 3525 sit
679 3462 819 3537 omnious,
841 3465 896 3524 tom
919 3463 1111 3541 praesentibus
1139 3479 1219 3540 auam
1248 3465 1356 3542 iuurris,
1379 3465 1451 3541 auad
1474 3483 1526 3545 ega

389 3565 517 3628 Yihertus
546 3566 580 3627 de
602 3567 633 3628 G.
662 3564 757 3626 tradidi
784 3564 818 3626 ad
847 3563 952 3626 firmavn
981 3565 1093 3636 domino
1116 3565 1233 3629 Henriao
1262 3567 1352 3629 abbati
1375 3567 1470 3630 Gtoue.
1500 3571 1527 3630 et

390 3669 514 3732 eiusdem
543 3667 593 3731 toci
622 3666 782 3740 conventui,
813 3667 898 3736 totam
929 3669 1027 3727 terram
1055 3667 1276 3732 de-Lettvintone
1308 3685 1370 3730 aum
1398 3668 1527 3759 omnibus

390 3772 558 3852 pertinentiis
581 3771 653 3847 anis,
674 3785 756 3847 arvam
779 3783 832 3847 ego
854 3768 935 3830 habui
957 3768 992 3831 ad
1015 3769 1120 3833 firmam
1142 3769 1177 3832 de
1199 3769 1243 3833 W.
1267 3770 1302 3832 de
1325 3769 1396 3848 Let.;
1423 3769 1527 3832 iruuen-

388 3875 450 3937 dam
474 3878 501 3936 et
522 3875 666 3936 tenendam
689 3872 792 3934 eisdem
815 3870 905 3936 abbati
928 3872 955 3932 et
976 3873 1121 3936 conventui
1148 3877 1290 3936 eteorum
1313 3873 1528 3934 suecessoribus

388 3977 536 4040 demeat
564 3975 728 4038 haeredibus
750 3974 858 4036 meisa
885 3973 990 4036 diade
1017 3973 1144 4056 trotveday
1177 3991 1251 4038 anno
1279 3973 1316 4036 ab
1343 3974 1528 4037 incarnatione

387 4078 490 4143 domini
513 4078 659 4140 millesimo
681 4077 869 4140 ducentesimo
891 4077 1009 4154 septimo
1031 4076 1138 4145 decimo
1155 4076 1181 4138 in
1204 4075 1406 4153 avvaiuardeaim
1423 4092 1526 4155 aanos;

389 4180 514 4243 iaciendo
536 4179 712 4242 solummodo
735 4179 901 4243 torirvsaouvn
927 4179 1068 4241 servitium
1101 4180 1233 4255 quantum
1261 4177 1296 4238 ad
1325 4181 1424 4238 terrnnv
1452 4177 1524 4239 itiam

389 4281 512 4359 partinet,
533 4281 597 4357 auia
619 4280 689 4342 idern
712 4278 799 4340 anuas
822 4281 849 4340 et
870 4286 1023 4342 conventus
1047 4279 1110 4342 mitri
1134 4282 1299 4357 navaverunt
1322 4293 1387 4355 prae
1401 4277 1525 4340 inanibus

362 4383 474 4444 totam
502 4383 608 4444 tinnam
636 4398 717 4458 quum
748 4380 811 4442 mitri
841 4379 951 4442 reddere
979 4380 1108 4444 deberent
1131 4380 1253 4460 singuiis
1275 4379 1367 4456 arauris,
1399 4379 1525 4456 aavamdiu

389 4484 522 4555 terminus
544 4484 590 4547 itte
610 4483 813 4561 quatuordeeim
829 4499 963 4547 annorum
986 4485 1104 4548 duraret.
1150 4481 1179 4544 Si
1203 4499 1267 4548 vern
1290 4481 1455 4561 praedictum
1478 4479 1524 4544 W.

391 4587 426 4652 de
450 4588 478 4652 i..
502 4587 569 4651 mori
592 4586 733 4665 eontigerit
755 4586 825 4650 inita
847 4585 1012 4666 praedictum
1042 4587 1185 4659 terminum
1213 4585 1417 4664 quatuordeeim
1438 4600 1526 4651 auno·
