3644 5268
889 629 931 690 to

344 798 436 860 qrrarn
458 783 643 860 patronatus
667 781 815 858 exceptus
837 775 945 855 inerit,
978 780 1081 841 tomen
1106 777 1236 842 militem
1264 776 1295 838 in
1316 775 1398 840 bona
1419 775 1480 841 fide

343 879 441 945 finisse
463 879 689 958 contenderint,
711 877 865 941 rnoxinroe
887 879 1115 942 inconstantiae
1138 879 1252 942 incuso.

339 1125 402 1169 tunt.
420 1142 453 1152 -
477 1115 529 1168 aea
543 1123 600 1182 post
616 1116 743 1168 decenum
760 1131 846 1166 corum
863 1115 899 1166 ad
914 1123 993 1168 rectos
1010 1116 1142 1168 advocans
1158 1123 1345 1168 reverterentur
1358 1132 1481 1182 masen-

341 1201 447 1252 tetiones
464 1201 580 1268 ueremni
597 1201 766 1252 ecclesiaram.
808 1202 843 1252 Aa
860 1217 893 1252 ne
910 1202 971 1252 huic
989 1203 1041 1270 legi
1059 1204 1164 1252 nimiam
1182 1203 1235 1251 rim
1252 1217 1285 1252 ac
1302 1201 1405 1268 pondus
1423 1217 1482 1266 pro-

339 1287 418 1338 bandi
427 1288 581 1339 tribuamus.
615 1289 680 1338 Nam
690 1286 832 1338 Alexandri
842 1287 883 1337 111
892 1291 935 1338 cit.
951 1289 1101 1339 constitutio
1119 1287 1153 1338 ab
1167 1287 1280 1352 Anglica
1293 1288 1482 1338 consuetudine

339 1375 424 1440 magis
442 1375 590 1437 abhorrere,
617 1389 695 1439 quam
721 1389 781 1424 cum
808 1389 840 1424 en
864 1374 967 1424 ridetur
984 1375 1137 1436 convenire,
1164 1377 1193 1423 ut
1220 1372 1297 1436 plane
1322 1372 1482 1439 intellegitur

340 1459 480 1510 collatione
499 1475 557 1524 cap.
576 1461 620 1510 cit
646 1460 806 1524 cumprime
825 1458 967 1524 partsleg.
987 1461 1030 1510 cit.
1072 1459 1160 1521 Quum
1177 1463 1263 1508 antem
1290 1459 1316 1508 in
1335 1463 1475 1508 consuetu-

340 1545 444 1595 dinibus
472 1545 504 1594 de
522 1543 654 1594 irritandis
671 1543 877 1594 institutionibus
903 1544 946 1593 rel
964 1560 1017 1594 non
1034 1541 1176 1606 irritandis,
1204 1543 1367 1608 potissimum
1395 1541 1478 1592 eccle·

338 1631 436 1680 siarum
455 1630 584 1680 commodi
606 1630 672 1679 ratio
690 1627 829 1688 habeatnr,
858 1634 949 1678 nostra
970 1631 1100 1680 sententia
1129 1631 1186 1679 sine
1212 1627 1291 1678 dnbio
1314 1627 1407 1678 iustior
1429 1634 1476 1677 est.

339 1713 432 1777 Neque
449 1727 507 1778 cap.
525 1713 584 1764 XX.
602 1715 636 1765 X.
654 1713 686 1763 de
704 1715 856 1779 praescript.
878 1714 954 1764 nobis
978 1714 1073 1765 obstat.
1110 1713 1179 1776 Quid
1207 1714 1275 1763 enim
1296 1711 1379 1764 habet
1404 1726 1478 1778 prae·

343 1798 449 1861 scriptio
476 1813 534 1846 cunr
554 1799 709 1848 infirmanda
727 1799 890 1848 institutione
908 1799 1094 1848 coniunctum?
1129 1799 1180 1848 llis
1206 1798 1274 1847 enim
1301 1803 1412 1861 patrono
1440 1797 1483 1844 ius

341 1896 416 1930 sunm
435 1883 539 1946 penitus
558 1883 714 1945 detrahitur,
741 1882 790 1931 hac
812 1887 915 1932 tantum
942 1885 969 1932 in
991 1898 1044 1932 una
1066 1898 1163 1932 caussa
1184 1883 1411 1946 praesentationis.
1446 1881 1482 1930 Et

344 1965 471 2015 ecclesiae
489 1982 617 2016 summurn
635 1971 706 2017 esset
723 1966 858 2029 damnum,
885 1967 1037 2018 siclericus
1055 1968 1163 2017 idoneus
1191 1966 1226 2016 ad
1244 1967 1481 2030 praesentationem

344 2051 407 2112 eius,
419 2052 463 2114 qni
472 2040 761 2115 patronuscredebatur
769 2057 795 2100 et
803 2051 830 2099 in
839 2053 1005 2115 possessione
1014 2057 1077 2114 erat,
1086 2053 1227 2114 institutus,
1236 2051 1316 2100 multo
1331 2057 1390 2114 post
1399 2051 1483 2116 possit

338 2136 473 2197 removeri,
492 2137 553 2201 qnia
571 2137 628 2186 eins
639 2137 813 2200 praesentatio
832 2152 849 2186 a
860 2135 945 2186 malae
962 2135 1022 2186 ddei
1032 2151 1185 2200 possessore
1203 2136 1275 2186 lacta
1293 2136 1335 2186 sit.
1362 2136 1422 2197 Qun
1438 2150 1481 2184 ra-

337 2220 406 2270 tione
433 2222 489 2270 iure
511 2221 624 2286 Anglico
649 2221 820 2271 constitutum
848 2226 901 2282 est,
936 2219 970 2270 sd
994 2222 1106 2285 putatiri
1128 2223 1215 2272 etiarn
1233 2220 1336 2286 patroni
1359 2235 1480 2284 praesen-

339 2306 464 2355 tationem
486 2307 632 2356 institutum
658 2311 750 2372 postea
772 2307 903 2356 removeri
928 2321 981 2355 uon
1004 2321 1096 2372 posse,
1123 2306 1263 2356 dummodo
1291 2305 1335 2356 ille
1362 2311 1478 2372 tempore

335 2393 553 2456 praesentationis
572 2397 696 2457 petronus
714 2391 872 2442 crederetur.
891 2393 950 2454 Qua
965 2393 1151 2444 constitutione
1167 2391 1232 2441 nihil
1252 2392 1314 2442 mihi
1333 2393 1419 2458 magis
1436 2407 1477 2441 ra-

336 2479 401 2527 tioni
419 2483 445 2528 et
462 2493 591 2528 canonum
609 2478 744 2542 principiis
755 2479 913 2528 conveniens
923 2477 1033 2540 videtur,
1052 2493 1210 2542 quamquam
1221 2485 1326 2542 propter
1336 2493 1394 2542 cop.
1404 2477 1474 2527 XIX.

338 2565 365 2614 h.
383 2569 401 2614 t.
419 2565 445 2613 in
464 2563 576 2615 ccclesia
593 2580 646 2614 non
663 2564 742 2616 valet.
772 2561 913 2613 Videamus
930 2579 1001 2627 vero,
1020 2579 1087 2628 qnae
1105 2567 1141 2614 sit
1158 2566 1225 2613 ratio
1243 2563 1312 2614 illins
1333 2565 1477 2614 sententiae

341 2648 471 2702 ictorum.
490 2650 546 2699 lam
565 2651 816 2701 Panormitanns
832 2649 850 2702 l.
871 2665 894 2700 c.
913 2650 947 2700 nd
957 2666 1014 2714 cap.
1024 2649 1084 2711 VlI,
1103 2665 1178 2714 quem
1199 2649 1303 2713 plurimi
1321 2648 1377 2699 icti
1395 2651 1478 2700 secuti

342 2739 410 2796 sunt,
428 2750 549 2784 caussam
568 2736 656 2786 affert:
679 2734 799 2800 quostiam
811 2743 982 2798 praesentans
1004 2741 1059 2784 erat
1072 2750 1201 2799 possessor
1218 2733 1298 2783 hmine
1308 2735 1384 2800 flrlei:
1409 2750 1480 2785 recres

340 2818 463 2869 amalos
473 2819 550 2885 fidei,
569 2819 631 2885 quia
648 2819 711 2868 dem
724 2833 854 2884 possessor
871 2819 955 2868 atalae
966 2819 1031 2885 fidei
1053 2836 1104 2870 non
1116 2819 1184 2884 sarit
1195 2820 1296 2885 fructos
1313 2835 1382 2880 suos,
1403 2819 1479 2869 etiam

340 2921 402 2969 quos
418 2905 581 2970 consempsit,
607 2904 644 2954 rte
664 2919 711 2953 acc
727 2903 774 2954 iste
786 2903 871 2968 potuit
888 2904 972 2954 aalide
988 2912 1163 2968 praesentare.
1198 2904 1239 2954 Gi.
1258 2919 1360 2970 quoque
1377 2905 1478 2954 Rochi

346 2990 382 3038 de
401 2989 496 3038 Ourte
522 2994 595 3039 tract.
622 2987 655 3037 de
681 2990 738 3037 iure
759 2994 861 3052 patron.
890 2991 918 3038 in
937 2991 1084 3054 quindecim
1108 2989 1206 3040 volum.
1225 2995 1300 3039 tract.
1318 2991 1397 3039 variis
1415 2991 1479 3040 viris

342 3075 447 3138 interpr.
465 3074 570 3123 collect.
589 3073 676 3137 Lugd.
696 3070 763 3124 15-19
791 3079 852 3122 tom.
871 3074 921 3123 XV
946 3091 972 3139 p.
990 3072 1041 3124 355
1059 3089 1086 3122 n.
1103 3069 1139 3122 28
1160 3074 1250 3123 Paul.
1269 3075 1304 3122 de
1323 3073 1480 3125 Citadinis

339 3163 415 3208 tract.
434 3157 467 3207 de
484 3159 540 3206 iure
556 3164 658 3222 patron.
677 3155 762 3218 (ibid.)
780 3157 811 3208 P.
829 3159 866 3207 Vl
884 3165 933 3208 art.
951 3157 968 3209 3
985 3175 1011 3223 p.
1023 3154 1074 3207 393
1092 3172 1118 3206 n.
1131 3155 1173 3208 dt.
1202 3157 1228 3208 J.
1247 3157 1329 3208 Plril.
1347 3159 1478 3208 Portins

341 3240 433 3291 consil.
453 3241 498 3292 lib.
516 3242 556 3290 ill
583 3257 655 3291 cons.
676 3237 724 3292 lon
754 3257 778 3306 p.
797 3238 848 3292 233
875 3243 925 3292 col.
943 3242 968 3294 2.
1004 3243 1113 3292 Ioann.
1140 3241 1334 3292 Borcholten
1362 3241 1479 3292 Consilia

339 3331 402 3375 torn.
419 3325 447 3374 11
473 3341 498 3390 p.
517 3322 618 3376 13001.
637 3324 828 3385 lfflelmscad.
847 3322 936 3379 lddor.
973 3325 1141 3377 Gonsales
1169 3325 1205 3374 de
1232 3325 1345 3376 Telles
1368 3327 1401 3377 ad
1420 3343 1477 3392 cap.

341 3409 405 3458 XlX
422 3410 448 3459 h.
464 3414 483 3460 t.
501 3410 564 3474 ibiq.
582 3413 626 3461 cit.
644 3411 694 3463 Fr.
712 3411 749 3461 de
766 3411 902 3476 Fargua.
919 3410 938 3461 l.
955 3426 979 3464 c.
996 3411 1027 3461 P.
1044 3410 1071 3459 11
1089 3425 1112 3460 c.
1130 3404 1165 3458 to
1182 3425 1204 3460 c.
1223 3409 1236 3458 1
1253 3427 1278 3475 p.
1297 3411 1356 3463 did.
1392 3413 1476 3473 Quarn

337 3509 400 3543 vero
419 3509 543 3558 perversa
559 3509 591 3542 ac
609 3509 693 3558 prava
709 3494 775 3544 llaec
792 3493 933 3544 similitudo
952 3496 987 3544 sit
1014 3520 1045 3529 -
1073 3509 1153 3558 quam
1170 3495 1275 3544 iamiam
1301 3511 1372 3560 supr.
1389 3512 1475 3561 repre·

339 3578 417 3628 hendi
436 3600 469 3611 -
488 3578 559 3628 haud
578 3577 678 3627 difficili
695 3584 816 3628 versatur
834 3581 992 3643 cognitione.
1024 3579 1246 3643 Argumentantur
1263 3580 1318 3631 icti
1335 3583 1384 3630 ita:
1402 3596 1476 3645 prae·

337 3663 451 3712 cenacto
468 3668 507 3712 est
525 3664 589 3711 iuris
611 3667 764 3726 patronatus
782 3663 891 3726 fructus,
909 3665 995 3713 bonae
1012 3663 1072 3712 fidei
1091 3679 1227 3728 possessor
1242 3680 1397 3729 veropaene
1414 3665 1474 3714 loco

338 3748 438 3797 domini
456 3752 496 3797 est
513 3748 623 3813 ideoque
639 3749 740 3800 tructus
758 3765 820 3799 suos
838 3749 908 3799 feeit.
933 3750 992 3799 Non
1011 3751 1071 3799 item
1089 3748 1175 3800 malae
1191 3747 1252 3800 fidei
1269 3765 1413 3814 possessor,
1432 3752 1478 3814 qui

336 3848 426 3883 ornnes
454 3832 552 3884 fructus
580 3835 716 3885 restituere
738 3840 854 3884 tenetur:
880 3837 968 3900 itaque
986 3837 1161 3900 praesentatio
1185 3851 1287 3901 quoque
1304 3835 1479 3886 rescindenda

339 3924 386 3970 est.
423 3919 548 3969 Concedo
575 3921 660 3970 bonne
688 3919 748 3971 fidoi
774 3937 950 3985 possessorem
977 3922 1077 3972 fructas
1100 3938 1162 3973 suos
1184 3923 1282 3982 tortore,
1310 3922 1355 3972 sed
1375 3927 1478 3972 constat

338 4020 415 4070 quoq.
444 4020 502 4054 enm
520 4007 620 4058 fructus
639 4013 772 4058 exstantes
791 4014 923 4072 praestare
942 4008 1046 4060 debere.
1082 4009 1221 4070 Quaeritur
1237 4009 1317 4074 igitur
1334 4015 1420 4059 utrum
1438 4011 1476 4057 in-

341 4092 441 4141 stitutio
459 4095 628 4156 comprobata
646 4095 745 4144 fructus
763 4099 914 4144 consumtus
933 4095 981 4156 sit,
1009 4109 1044 4144 an
1061 4100 1176 4144 exstans.
1212 4095 1240 4143 Si
1263 4101 1415 4146 consumtus
1438 4103 1478 4145 est

338 4176 364 4226 h.
388 4191 403 4225 e
432 4177 454 4226 si
476 4178 604 4228 institutio
630 4179 744 4229 rescindi
772 4180 873 4243 nequit,
911 4195 928 4228 a
954 4179 1039 4228 melae
1066 4179 1127 4230 fidei
1152 4194 1305 4244 possessore
1331 4181 1476 4230 aestimatio
1528 4163 1531 4168 Ι

336 4263 493 4325 praestanda
520 4271 573 4326 est;
601 4278 679 4327 quum
698 4268 785 4312 autem
815 4278 866 4312 nec
888 4265 928 4314 ius
946 4267 1101 4328 patronatus
1130 4279 1180 4313 nec
1207 4266 1262 4314 eins
1281 4280 1345 4314 usus
1362 4265 1475 4330 pecunia

338 4347 429 4396 redimi
447 4348 538 4412 possit,
557 4347 641 4396 malae
663 4345 724 4396 fidei
740 4361 879 4410 possessor
901 4348 935 4398 ab
953 4349 1024 4398 omni
1041 4350 1219 4414 praestatione
1244 4349 1310 4399 liber
1328 4355 1406 4415 atquc
1428 4351 1474 4398 irn-

339 4433 425 4482 munis
455 4438 502 4484 est
546 4432 639 4496 Itaque
661 4431 770 4496 perinde
798 4438 876 4498 atque
899 4434 961 4484 bon.
985 4434 1004 4484 s.
1027 4449 1163 4499 possessor
1181 4435 1358 4484 consumtione
1376 4435 1474 4484 fructus

337 4531 399 4568 suos
417 4517 487 4570 iacit.
523 4517 592 4582 Quid
609 4520 690 4568 vero?
716 4519 738 4569 si
757 4517 856 4570 fructus
874 4525 978 4571 exstant
1004 4520 1029 4573 lr.
1048 4536 1069 4571 c.
1098 4523 1118 4572 si
1143 4523 1278 4574 instatura
1296 4523 1397 4574 restitui
1416 4537 1473 4588 pros-
