3644 5268
768 664 862 744 Ι11

275 815 438 898 9119111119,
462 835 596 900 quarum
618 817 713 886 cardo
733 819 869 884 vertitur
889 819 922 884 11
939 818 1116 901 primailla,
1138 819 1293 901 quomodo
1305 819 1415 887 militis

274 925 306 985 et
327 919 511 986 1nonasterii
533 921 614 986 ratio
636 919 835 1002 percipienda
858 920 910 1003 sit,
932 925 965 988 et
986 922 1019 987 11
1036 921 1214 1003 9119191199,
1236 922 1416 989 1111111119

273 1023 405 1089 99919919
426 1041 550 1106 quoque
572 1023 863 1105 comprehendatur.

358 1125 476 1202 Quodsi
498 1126 538 1192 cd
558 1127 695 1208 primum
716 1125 795 1191 illud
822 1125 1014 1207 accedimus,
1047 1125 1098 1191 vel
1124 1125 1293 1208 plurimum
1315 1146 1413 1210 quae-

272 1228 385 1293 stionis
414 1227 446 1292 in
468 1227 586 1292 verbis:
622 1227 667 1290 ad
687 1227 819 1312 firmam
842 1225 962 1290 tenebat
983 1227 1088 1294 inesse
1113 1229 1353 1310 perseipsum
1375 1229 1413 1294 li·

273 1330 416 1412 quidum,
439 1329 565 1395 anullo
587 1329 797 1412 interpretum
818 1347 881 1394 191
903 1329 1096 1395 intellectum
1124 1333 1189 1409 est,
1223 1348 1414 1412 quamquam

274 1449 499 1512 saepenumero
532 1449 645 1512 parum
679 1431 794 1497 acriter
821 1431 923 1512 ipsam
944 1449 1011 1496 rem
1033 1430 1223 1513 indagantes
1244 1429 1335 1498 199119
1357 1433 1414 1498 ab·

273 1534 394 1600 solvere
428 1551 463 1599 99
491 1551 562 1598 eam
589 1551 683 1615 posse
705 1532 915 1599 crediderunt.
959 1531 1027 1610 Quo
1050 1551 1088 1598 ex
1110 1551 1241 1598 numero
1262 1533 1326 1599 iam
1347 1535 1413 1600 Ho-

273 1637 399 1703 stiensis
432 1634 620 1721 vocabulum
647 1632 758 1700 firmae
779 1653 923 1718 quaeque
944 1654 982 1702 co
1004 1633 1199 1718 significatur
1219 1635 1300 1702 ratio
1321 1635 1411 1719 iuris,

272 1757 342 1804 cam
364 1757 434 1804 9999
446 1738 610 1820 Anglicam
632 1737 800 1803 contendit
823 1737 867 1803 Et
888 1742 1021 1804 estnon
1043 1737 1135 1804 modo
1158 1743 1412 1808 consentancum.

270 1860 380 1907 verum
407 1841 477 1923 ipsa
503 1857 539 1904 re
571 1839 765 1920 postulatur,
798 1844 834 1905 ut
865 1839 1033 1921 epistulam
1059 1839 1092 1904 in
1113 1838 1259 1921 Angliam
1281 1840 1412 1905 missam

272 1942 411 2005 omnium
432 1940 568 2022 primum
590 1957 662 2004 cum
673 1940 813 2022 Anglicis
834 1941 929 2007 rebus
951 1941 1148 2006 coniunctam
1170 1945 1413 2023 esseatqueco-

272 2041 403 2108 haerere
424 2041 640 2108 concedamus.
683 2041 786 2119 Quam
807 2046 914 2108 autem
935 2041 1005 2124 1199
1026 2041 1265 2108 Alexanderlll
1285 2043 1349 2109 illis
1372 2044 1413 2110 dc

270 2143 366 2209 rebus
394 2142 522 2209 edoctus
550 2161 621 2210 csse
652 2144 811 2226 putandus
840 2143 897 2224 911,
934 2144 976 2224 91,
1009 2147 1043 2210 91
1072 2143 1136 2210 illis
1169 2144 1289 2212 civibus
1320 2145 1412 2211 cleri-

269 2245 378 2326 cisque
400 2245 631 2310 necessitudine
659 2249 795 2325 arctum,
828 2249 862 2310 et
894 2245 1087 2311 clarissimae
1109 2245 1247 2322 Thomae
1269 2246 1413 2312 Becketii

272 2347 453 2413 certaminis
464 2346 648 2428 participem
660 2364 731 2411 eum
742 2345 841 2413 111999
852 2353 989 2429 reputes,
1011 2347 1103 2413 facile
1115 2347 1223 2413 statim
1234 2347 1412 2414 concludas.

358 2448 448 2524 Quod
468 2449 496 2514 si
517 2447 622 2528 ipsum
643 2445 753 2514 firmae
774 2449 959 2515 vocabrdum
975 2449 1152 2516 accuratius
1169 2448 1412 2530 consideramus,

275 2548 438 2614 confestim
470 2567 583 2630 parum
604 2549 753 2614 Latinum
782 2549 816 2615 id
833 2568 908 2616 esse
929 2550 1039 2634 liquet
1082 2549 1263 2617 Summanus
1286 2550 1413 2633 quidem

272 2650 513 2733 etDuCangius
535 2651 569 2716 in
591 2651 755 2733 glossariis
778 2671 816 2718 ex
838 2652 1220 2736 originerlnglosaxonica
1241 2651 1274 2718 id
1290 2658 1413 2734 petunt,

273 2745 380 2833 idque
399 2752 454 2816 illc
484 2751 535 2816 1119
562 2752 682 2818 verbis:
707 2751 809 2835 fimo
834 2751 985 2817 vocabula:
1013 2777 1035 2817 9
1055 2751 1134 2818 Sea.
1152 2751 1295 2838 scarane,
1328 2753 1415 2838 qaod

274 2853 386 2917 9911911
407 2865 500 2918 99991
520 2852 571 2916 vel
601 2851 740 2932 9119919,
773 2851 855 2917 unde
873 2876 1005 2938 pascere
1025 2855 1076 2919 uel
1095 2853 1196 2919 ca'bum
1217 2865 1272 2918 aut
1292 2865 1408 2919 uectum

272 2954 474 3042 suppeditare
498 2955 545 3020 eia
568 2955 608 3040 (l)
620 2954 805 3040 feorme'am.
849 2955 985 3042 Proprie
1018 2969 1047 3020 et
1073 2955 1113 3020 ah
1141 2955 1262 3043 criptae
1283 2979 1407 3022 ameum

275 3069 393 3122 tautum
425 3059 460 3122 a‘u
492 3043 623 3142 cibarias
644 3057 758 3121 Firma
786 3069 888 3140 aotat,·
921 3070 1106 3122 commutata
1135 3081 1207 3122 uero
1229 3069 1260 3122 et
1281 3056 1411 3123 redacta

271 3172 381 3244 poatea
392 3160 494 3248 firma
514 3157 696 3224 victualium
717 3159 751 3224 ia
773 3158 932 3244 (19991199,
953 3161 1046 3226 uerbo
1070 3173 1184 3226 retento
1207 3159 1252 3225 ad
1272 3159 1409 3227 reditum

269 3262 335 3328 aiva
366 3285 489 3328 censum
508 3263 732 3351 pccuue'rzrr'um
758 3263 1024 3348 transferebatur,
1059 3286 1120 3350 quo
1142 3261 1267 3349 quidam
1287 3263 1410 3328 Ferme

271 3363 362 3428 todia
394 3365 521 3431 9111991.
544 3364 742 3432 —Etiamsi
772 3366 850 3433 haec
879 3366 1027 3432 universa
1059 3366 1186 3449 quidem
1218 3385 1294 3432 vera
1326 3373 1410 3448 sunt,

275 3471 380 3534 tomen
402 3470 443 3533 ad
464 3469 574 3534 eadem
596 3469 758 3551 probanda
779 3474 812 3535 et
832 3470 916 3551 apud
938 3469 1123 3535 Somnerum
1145 3473 1179 3535 91
1194 3467 1246 3534 Du
1258 3469 1410 3552 Congium

269 3586 320 3634 res
342 3569 459 3635 allatae
479 3589 543 3636 non
564 3571 643 3636 satis
665 3570 833 3651 sufficiunt,
855 3575 1024 3653 propterea
1044 3571 1130 3653 quod
1150 3570 1338 3654 1191199119
1354 3589 1408 3637 999

271 3676 456 3750 argumenta
488 3669 644 3752 fugerunt
694 3671 779 3736 Illud
810 3671 1010 3752 potissimum
1042 3671 1165 3736 firmam
1198 3690 1269 3736 esse
1301 3691 1410 3738 vocem

272 3771 549 3854 Anglosaxonicam
571 3773 787 3838 demonstrare
808 3791 871 3837 non
892 3777 1071 3852 potuerunt,
1094 3771 1178 3853 quod
1200 3791 1294 3853 quam
1311 3791 1407 3854 grave

277 3874 319 3939 sit
339 3873 421 3940 intra
442 3893 480 3939 911
500 3873 647 3940 IGtorum
668 3874 708 3939 de
729 3874 789 3941 hac
804 3893 840 3940 re
851 3874 1010 3939 erroribus
1020 3873 1266 3940 luculentissime
1276 3874 1407 3956 patebit.

354 3976 465 4060 Neque
485 3976 587 4043 minus
610 3982 757 4059 apparet,
785 3993 893 4042 vocem
920 3976 1007 4040 illam
1018 3973 1130 4060 feorm
1151 3975 1253 4040 ca‘bum
1273 3977 1407 4058 ideoque

262 4077 436 4164 sacrariam
456 4079 585 4161 nutrire,
621 4080 704 4144 alere
729 4079 904 4162 sonarc⁸⁴).
949 4077 1037 4156 Quod
1059 4078 1185 4160 quidem
1207 4079 1342 4144 maxime
1363 4078 1410 4144 le·

269 4181 362 4265 gibus
384 4182 636 4266 duglosoxonicis
670 4183 902 4265 corroboratur,
936 4182 969 4248 in
1002 4181 1115 4264 quibus
1143 4181 1222 4248 illud
1243 4181 1409 4248 ieormiam

268 4306 326 4368 pro
347 4286 468 4370 alendo,
489 4288 644 4370 hospitem
665 4287 804 4371 aliquem
826 4285 1006 4370 excipiendo
1028 4286 1214 4368 saepissime
1234 4290 1406 4352 tractatum

269 4427 470 4439 Ἀ-

337 4510 381 4576 31)
399 4514 439 4564 Cf.
460 4514 577 4565 Grimm
595 4513 718 4566 deutsche
736 4512 894 4578 grammatilr
921 4513 966 4562 boi
983 4512 1010 4562 11
1028 4529 1054 4577 p.
1073 4509 1137 4574 Μῦς
1156 4513 1188 4562 K.
1207 4512 1250 4562 W.
1267 4512 1400 4561 Bouter-

271 4598 356 4648 weclr
374 4598 542 4657 9119191919.
560 4598 667 4650 (1199991
685 4599 784 4651 Elberf.
802 4599 855 4649 und
873 4598 992 4648 lserlohn
1013 4594 1080 4650 1850
1102 4598 1136 4647 ad
1153 4612 1211 4646 roc.
1231 4593 1369 4659 „teorme.“
