3644 5268
930 629 971 694 to

374 781 505 860 teratur,
528 781 603 864 quid
625 781 809 848 lmbothsea
829 800 881 847 ras
898 801 967 847 eum
990 780 1177 847 conductore
1185 783 1248 856 ⁵⁵l?
1276 781 1419 850 Creditur
1435 787 1517 851 enim

370 883 597 964 pignoraticius
626 885 710 948 iusto
738 884 830 948 titulo
853 901 1016 964 possessor
1040 883 1160 963 praedii
1184 889 1234 946 ost
1260 885 1404 966 iustoque
1425 888 1518 950 titulo

374 986 443 1048 iure
464 987 651 1064 patronatus
673 985 782 1050 utitur.

457 1086 501 1150 At
520 1085 600 1150 hoec
627 1086 733 1150 omnia
761 1084 886 1150 omnino
918 1102 995 1150 vera
1021 1103 1084 1150 non
1112 1089 1221 1150 essent
1242 1085 1286 1164 si,
1319 1093 1356 1151 ut
1377 1091 1516 1154 nonnulli

371 1187 489 1266 volunt,
512 1184 670 1250 firmarius
683 1186 958 1252 eotrduetoresset
992 1185 1189 1250 Boehmerus
1201 1186 1339 1266 quidem,
1362 1190 1415 1268 qui
1431 1190 1517 1254 illurn

371 1289 417 1352 ita
438 1287 603 1368 intellegit,
626 1306 695 1352 eom
708 1289 747 1354 ob
769 1285 1017 1353 ouussumuuldo
1038 1286 1071 1350 in
1084 1287 1238 1368 angustiis
1249 1295 1395 1352 versatur
1414 1295 1518 1370 atqua

286 1445 288 1450 ,
373 1408 468 1470 quum
491 1393 598 1454 tumen
620 1389 800 1454 conductori
822 1389 880 1460 ius,
893 1392 1080 1469 patronatus
1107 1388 1278 1454 concedere
1306 1389 1452 1469 uoluerit,
1477 1391 1516 1455 all

373 1491 541 1558 absurdam
564 1493 870 1573 argumentationem
891 1488 1083 1570 perducitur.

902 1762 988 1832 lv.

373 1932 659 1998 Examinsntur
686 1932 885 1998 doctorum
913 1933 1133 2014 opiniones,
1160 1937 1352 2015 quotenus
1380 1934 1427 1997 ad
1451 1935 1516 1999 do-

373 2035 539 2101 ctrinam
573 2035 617 2100 de
650 2035 734 2099 iure
761 2039 994 2116 potronatus
1016 2035 1063 2100 ad
1084 2036 1393 2116 emphyteutam,
1427 2055 1518 2100 usu-

373 2135 649 2216 fructuarium,
671 2136 945 2202 conductorem
966 2134 1242 2200 transferendo
1265 2155 1342 2217 cap.
1356 2137 1416 2202 Vll
1438 2145 1518 2202 tra·

812 2235 992 2300 standum
1014 2238 1077 2302 sit

456 2390 532 2468 ¹‹lsm
555 2387 810 2454 Innocentius
832 2387 936 2470 ΙΨ),
959 2390 1048 2455 cuius
1070 2390 1175 2470 opinio
1197 2389 1228 2453 in
1251 2390 1309 2455 hoe
1331 2407 1398 2470 cop.
1421 2391 1517 2455 inter-

373 2493 526 2576 pretentlo
549 2511 672 2556 summu
694 2491 881 2556 auctoritate
904 2496 961 2570 est,
985 2492 1025 2556 ad
1041 2509 1104 2556 voc.
1122 2490 1257 2556 firmam:
1280 2492 1381 2554 talem.
1406 2494 1516 2589 inquit,

288 2615 291 2622 ·
374 2606 566 2658 contractam
588 2593 723 2656 interae
745 2592 985 2666 celebraverant,
1013 2591 1099 2676 qnod
1124 2593 1219 2655 utile
1248 2591 1514 2657 dominiorum

373 2695 589 2759 conductorem
612 2695 791 2772 transierat,
821 2705 849 2755 et
876 2693 947 2756 ideo
977 2694 1015 2756 tto
1037 2697 1104 2755 titre
1125 2695 1244 2776 r'psarn
1267 2695 1437 2757 transierat
1459 2697 1510 2757 ias

370 2807 560 2879 patronatus
583 2817 651 2856 eum
671 2795 886 2874 aaroersr'tate,
909 2816 998 2855 sacras
1020 2796 1053 2855 ira
1076 2793 1259 2854 creditorem
1280 2815 1349 2876 sup.
1373 2793 1411 2856 de
1432 2808 1511 2857 sent.

373 2907 401 2957 et
422 2917 456 2956 re
479 2893 545 2956 iad.
569 2917 594 2956 c.
618 2917 687 2958 cam
708 2891 916 2974 Bartholdus,
945 2894 1004 2956 obt
1021 2905 1099 2973 not,
1121 2917 1194 2955 narn
1216 2895 1250 2956 ia
1271 2915 1339 2956 earn
1360 2917 1416 2957 ner
1437 2897 1514 2959 utile

373 2995 544 3060 dominatam
565 2995 690 3075 transit,
713 3016 767 3057 nea
789 2992 996 3073 directaml’l,
1019 3013 1113 3076 qumn
1136 2996 1322 3060 seutentiam
1344 2998 1513 3078 praecipue

373 3103 503 3179 propter
524 3099 602 3162 iuris
624 3116 654 3177 p.
677 3097 794 3177 quippe
815 3096 892 3159 iuris
910 3098 1065 3177 spirituali
1088 3097 1199 3159 ansioni
1222 3101 1366 3160 usturam
1389 3098 1514 3177 probari

373 3216 467 3280 posse
487 3197 725 3278 insequentibus
746 3194 840 3260 rebus
862 3199 998 3279 exponit.
1027 3197 1125 3274 Quem
1148 3197 1274 3278 quidem
1297 3199 1422 3278 plunimi
1445 3199 1512 3263 lati

373 3305 406 3364 et
426 3299 532 3381 glossa
554 3293 736 3380 sequuntur.
780 3299 824 3362 At
844 3299 970 3364 iamiom
992 3299 1305 3377 PanormitouuS‚
1337 3319 1428 3381 qutun
1452 3321 1509 3365 vox

373 3528 402 3571 ut
425 3538 478 3572 mora
503 3521 603 3588 quidem
621 3523 730 3574 meditor
747 3523 792 3574 aad
808 3523 924 3574 domim
941 3523 1032 3574 lrabeat
1045 3531 1226 3589 praeamara,
1244 3523 1448 3576 etiamsinon
1465 3542 1511 3575 aar·

373 3607 495 3672 ceperit
513 3608 562 3668 ips
576 3615 782 3673 patronatum·
807 3608 852 3658 ltoe
876 3609 912 3658 ita
937 3609 1056 3659 dominura
1073 3608 1241 3664 metuendum.
1258 3609 1281 3658 si
1296 3617 1436 3660 contractus
1453 3626 1512 3658 usst-

374 3692 565 3743 ramussello
578 3693 704 3760 fraatdarn
729 3709 870 3743 usurarum
895 3701 983 3744 ventus
1008 3693 1088 3758 fuera
1113 3693 1179 3744 inter
1195 3693 1275 3759 ι’ρεοιιῑ
1299 3693 1432 3760 indignam
1449 3695 1515 3745 arira

375 3786 420 3839 eat,
450 3779 518 3844 qaod
542 3779 660 3830 creditori
682 3795 714 3829 err
731 3779 816 3828 &liano
832 3786 961 3829 contractu
974 3779 1149 3845 praesanatis
1165 3779 1276 3845 bersafla'r'
1292 3779 1448 3830 ecclesiastici
1464 3780 1514 3830 ad·

376 3863 497 3930 patiretur
513 3865 553 3915 vel
569 3865 668 3931 aliquid
684 3864 804 3915 commodi
820 3863 891 3913 ultra
907 3872 1005 3915 sortem.
1019 3890 1052 3901 -
1069 3865 1164 3930 Itaque
1182 3881 1234 3914 non
1252 3867 1356 3914 omnino
1375 3865 1513 3916 translatio

377 3947 511 4016 negatur]

443 4034 488 4096 st)
507 4036 566 4085 Etsi
593 4035 663 4085 anim
691 4035 872 4084 locatione-
891 4033 1066 4085 conductione
1092 4036 1192 4085 locator
1219 4035 1331 4100 obligari
1357 4042 1457 4100 potest,
1483 4041 1512 4084 ut

375 4118 530 4169 conductori
557 4120 679 4170 omnibus
706 4119 785 4169 rebus
815 4123 842 4169 st
867 4121 1020 4169 accessoriis
1043 4134 1147 4184 quoque
1164 4120 1204 4168 uti
1221 4119 1272 4168 frui
1290 4119 1371 4168 liceat
1389 4119 1464 4182 (uisi
1481 4121 1512 4168 iu

321 4198 324 4203 ’
373 4204 433 4254 nso
449 4219 483 4254 ra
501 4205 641 4255 simonia
659 4205 782 4265 inosti),
799 4208 887 4254 umen
906 4204 1050 4254 conductor
1072 4205 1224 4269 neutiquam
1243 4205 1323 4254 tacite
1343 4206 1382 4254 ius
1401 4205 1513 4268 acquirit

375 4289 572 4352 praesentandi.

442 4373 487 4431 ool
507 4374 720 4424 Commentar.
740 4371 774 4423 sd
792 4371 921 4440 oap.y,VII
939 4373 983 4422 eit.

443 4457 487 4520 57)
508 4459 592 4519 Quam
620 4461 722 4508 ineerta
747 4459 820 4508 notio
847 4455 937 4508 firmae
959 4462 1015 4508 turn
1032 4458 1060 4507 in
1076 4455 1155 4508 Italia
1172 4456 1260 4516 fuerit,
1287 4471 1319 4506 so
1336 4460 1416 4520 patet,
1443 4453 1512 4520 quod

373 4542 520 4593 Innocentii
539 4545 622 4594 var-ba
640 4544 667 4592 in
677 4543 793 4608 glossam
810 4547 919 4608 recepta
932 4547 995 4593 sunt
1009 4541 1050 4594 his
1060 4543 1224 4608 antepositis:
1245 4538 1372 4608 quidam
1390 4539 1509 4590 dieunt.
