3644 5268
899 670 939 735 51

353 826 463 893 hibitio
486 825 547 890 iam
570 825 602 888 iu
615 822 968 906 synodoCnlchuthousi
981 825 1021 902 ⁰⁸)
1044 824 1250 906 promulgato,
1273 823 1304 888 iu
1326 842 1389 906 syn.
1404 841 1492 905 pror.

350 927 512 992 Senticam
535 945 563 990 a.
594 927 728 1002 122502)
752 927 798 990 itu
820 923 981 989 definitur:
1016 937 1050 988 ut
1080 925 1227 988 eccleciae
1247 947 1302 988 oco
1323 927 1413 988 laicis
1434 949 1490 988 1111-

349 1050 442 1112 quarn
464 1048 519 1089 nec
536 1027 684 1110 personis
714 1025 931 1089 ecclesiacticis
958 1025 1051 1088 etiam
1079 1027 1165 1088 ultro
1187 1027 1426 1110 quinquennium
1448 1025 1493 1088 ccl
1571 1094 1581 1115 ·

340 1129 470 1214 firmam
492 1126 705 1211 conferantur,
727 1150 782 1190 uec
804 1150 838 1190 oo
850 1126 946 1211 finito
968 1140 1154 1192 renoventur
1175 1127 1300 1192 eisdem.
1326 1127 1412 1205 Quae
1424 1129 1491 1210 qui-

349 1231 420 1294 dem
443 1230 624 1294 constitutio
646 1230 677 1293 in
701 1231 895 1307 uuiversum,
919 1229 1076 1292 nonnullis
1099 1234 1223 1292 tontum
1246 1233 1340 1296 rebus
1363 1232 1492 1294 mutatis

350 1333 382 1395 iu
405 1335 475 1395 acta
497 1330 618 1395 concilii
641 1349 668 1396 n
695 1331 774 1397 1237
803 1331 938 1395 Londiui
967 1331 1037 1395 hab.
1052 1331 1092 1412 ⁹⁸)
1115 1335 1242 1410 recepto
1264 1331 1493 1396 constitutioni-

349 1435 470 1515 busque
493 1432 601 1515 synod.
625 1433 759 1498 Ledrodi
793 1452 839 1515 ep.
871 1432 977 1500 Ossor.
1007 1451 1034 1498 n.
1061 1432 1195 1508 132000)
1229 1431 1412 1498 confirmata
1434 1442 1492 1498 est.

437 1534 483 1598 Ex
506 1534 619 1614 quibus
647 1535 753 1600 allatis
775 1535 859 1616 quod
886 1534 1076 1616 probaturus
1104 1554 1182 1614 sum,
1208 1553 1317 1599 vorum
1340 1553 1409 1600 osso
1431 1535 1494 1599 iam

351 1638 443 1717 plone
459 1635 570 1700 elucct.
604 1634 718 1700 Omnia
739 1637 821 1700 enlm
844 1637 905 1701 huc
926 1637 1067 1714 redeunt,
1090 1642 1126 1699 ut
1147 1634 1236 1699 iirmn
1258 1642 1494 1717 respectutem·

350 1738 435 1817 poris
460 1735 578 1798 nullom
601 1742 717 1800 certam
739 1739 880 1818 regulam
903 1744 1061 1818 sequntur.
1105 1736 1190 1816 Ergo
1212 1737 1297 1802 datio
1320 1738 1359 1800 ad
1372 1736 1494 1800 firmam

351 1857 409 1902 uec
429 1837 543 1901 locutio
567 1837 607 1899 ad
628 1837 756 1918 longum
778 1845 902 1918 tempus
924 1855 982 1902 noc
1003 1838 1193 1902 hereditoria
1214 1844 1272 1901 est.
1298 1837 1388 1915 Quml
1401 1857 1495 1918 quam

352 1939 486 2002 maxime
509 1937 562 2001 illo
585 1938 812 2019 corroboratur,
835 1939 918 2021 quod
945 1939 963 2003 J
971 1939 1026 2002 oh.
1051 1940 1275 2004 Furduuius
1308 1941 1339 2003 in
1361 1939 1495 2004 historia

353 2059 411 2104 sun
432 2039 595 2104 Scotorum
613 2039 662 2116 ¹⁰⁰)
697 2040 736 2104 do
768 2046 854 2105 statu
881 2041 970 2123 regni
997 2046 1138 2121 tempore
1167 2039 1325 2105 Molcolmi
1353 2041 1495 2120 exponit:

354 2165 425 2204 uum
449 2162 482 2202 eo
505 2152 654 2223 tenuiore,
688 2141 804 2222 inquil,
838 2153 933 2203 totum
961 2163 1062 2224 paene
1089 2165 1217 2228 reqnum
1240 2139 1438 2204 dcirc'debatur
1462 2141 1496 2204 r'rt

354 2242 523 2327 thouoyn'ie,
547 2240 584 2303 dc
607 2240 718 2324 quoium
740 2253 841 2304 actem
867 2241 976 2326 cuique
998 2241 1083 2306 dedit
1104 2244 1140 2326 (n.
1163 2243 1372 2323 lacteolum),
1391 2254 1489 2326 prout

344 2343 479 2427 placuit,
506 2341 556 2404 oct
577 2342 749 2426 oc'nyutio
772 2342 885 2404 aonio
907 2341 1145 2426 adfirmant,
1168 2355 1209 2407 ct
1230 2343 1425 2429 cyricolio
1447 2343 1498 2407 oet

351 2443 395 2508 ad
416 2442 537 2507 decem
560 2465 722 2524 annorum,
739 2445 960 2531 neuoc'yinti,
983 2445 1155 2508 concitae
1172 2445 1385 2524 torminum,
1409 2467 1495 2508 oum

349 2569 424 2612 icoo
447 2546 584 2609 saltem
616 2558 681 2608 cot
703 2544 849 2610 duobus
877 2545 1123 2628 haeredibus,
1157 2559 1192 2611 ut
1214 2547 1320 2610 liberio
1355 2559 1493 2632 61911111-

351 2650 435 2712 rcoz'o
458 2647 643 2732 quibusdam
665 2641 779 2732 itaque,
812 2648 869 2712 ced
885 2650 1026 2734 paucio
1047 2651 1086 2712 irc
1101 2662 1349 2734 perpetuum,
1377 2661 1410 2711 ut
1438 2649 1492 2711 mi·

348 2751 465 2832 litclnun,
488 2752 601 2831 otono,
617 2750 834 2835 promptum,
857 2773 912 2813 nec
933 2762 1034 2813 tamen
1056 2751 1133 2813 odeo
1156 2751 1259 2830 libere,
1283 2752 1358 2834 quin
1384 2773 1490 2813 eorum

353 2853 481 2936 quilibet
506 2851 629 2914 doctrino
648 2853 840 2936 persolveret
863 2852 1064 2913 norinatim
1097 2865 1240 2914 certum
1262 2873 1420 2914 censum.

437 2954 522 3034 Ergo
546 2953 628 3016 haurd
652 2950 777 3017 difficile
800 2953 1027 3032 intelletum,
1051 2954 1205 3034 quomodo
1227 2952 1303 3017 illud
1320 2952 1351 3016 iu
1374 2971 1493 3015 anua·

350 3056 460 3120 libus
483 3056 526 3119 dc
550 3053 760 3118 Thcokosb.
785 3055 998 3135 accipiendum
1022 3055 1076 3118 sit:
1100 3054 1155 3126 (od
1178 3073 1206 3117 a.
1234 3055 1327 3134 1220)
1345 3054 1380 3133 ¹):
1407 3053 1494 3136 prio-

353 3170 443 3220 ratus
465 3168 569 3219 noster
591 3155 629 3218 do
652 3153 775 3240 Kerdg'f
803 3157 920 3219 vocatio
947 3155 1070 3218 domum
1098 3155 1257 3218 monachia
1283 3153 1421 3217 tradimur
1451 3153 1495 3216 ud

422 3392 470 3450 991
489 3415 513 3450 u.
531 3392 582 3450 ult
600 3398 662 3448 lrnb.
681 3399 834 3458 tWilliins
852 3399 870 3451 l.
888 3415 910 3452 c.
929 3399 943 3449 I
960 3415 987 3465 p.
1007 3394 1068 3459 179)
1086 3414 1146 3464 cap.
1163 3398 1214 3448 VII
1231 3405 1260 3448 nt
1276 3396 1383 3447 nulli·
1399 3395 1494 3445 licitum

355 3483 386 3532 sit
404 3481 504 3547 aliquid
520 3482 552 3532 de
565 3484 720 3546 poooencionc
737 3499 858 3548 (tyrorum
876 3484 1035 3533 ecclesiarum
1052 3483 1178 3543 micuere,
1199 3481 1334 3532 velationi
1354 3481 1382 3530 iu
1399 3479 1496 3530 heredi·

357 3573 431 3615 tatem
448 3565 584 3630 deputare,
611 3565 663 3616 nini
682 3567 711 3615 in
727 3566 781 3616 dien
807 3574 830 3616 et
847 3568 956 3630 spatium
972 3567 1050 3618 unico
1067 3566 1173 3616 hominio
1199 3573 1222 3616 et
1243 3565 1287 3616 lucc
1303 3581 1359 3616 cum
1376 3578 1496 3615 concentu

351 3649 473 3714 factitiae
490 3657 513 3698 et
530 3649 622 3698 oerum
637 3649 764 3699 reddatur
781 3650 904 3700 eccleciae.

426 3731 473 3789 971
491 3733 541 3799 Ap.
559 3733 702 3782 Wilkinc
719 3733 733 3782 I
751 3750 776 3798 p.
796 3730 847 3785 999
865 3733 896 3784 cte
913 3734 992 3785 locato
1009 3741 1031 3783 et
1048 3732 1173 3783 conducto.

427 3816 471 3880 91))
492 3818 555 3884 Cap.
575 3819 640 3868 VIII
667 3818 855 3881 (WilkinsI
878 3835 902 3883 p.
920 3817 988 3881 ool)
1014 3835 1046 3879 rte
1072 3818 1172 3869 coclerio
1198 3818 1269 3868 ultra
1295 3816 1496 3883 quinquennium

357 3903 432 3952 <tetur
449 3903 484 3952 cul
494 3905 607 3968 firmam.

426 3987 472 4042 991
491 3988 555 4054 Cap.
574 3988 638 4038 VIII
658 3988 809 4046 (wilkins
828 3989 854 4038 ll
873 4005 897 4054 p.
916 3985 988 4050 502).
1023 3989 1113 4053 ltaque
1136 3976 1161 4037 111
1179 3989 1296 4038 articulis
1322 3989 1497 4052 inquisitionis

358 4073 444 4124 luctae
472 4090 519 4140 per
537 4075 677 4124 dioecesim
695 4073 858 4124 Lichicldino
876 4080 962 4127 exstat
978 4076 1108 4140 quaestio:
1136 4090 1172 4123 an
1188 4071 1270 4140 aliqui
1285 4072 1384 4122 ratione
1410 4073 1499 4138 iconae

357 4157 445 4214 rimae
466 4175 492 4208 oe
508 4159 613 4226 saciant
638 4167 745 4209 rcctoreo
770 4159 811 4219 vel
827 4159 933 4212 vicarios
953 4159 993 4210 vel
1009 4175 1080 4210 verno
1096 4173 1251 4224 portentorec
1269 4157 1416 4224 aliquarum
1434 4157 1497 4207 deci-

359 4259 466 4297 marum.
502 4245 655 4306 (Annales
674 4247 710 4294 de
729 4247 847 4296 Burton
865 4245 894 4303 tl.
913 4261 936 4298 c.
955 4262 980 4310 p.
998 4241 1049 4296 ‘illl
1068 4245 1101 4294 cd
1119 4260 1142 4295 n.
1163 4241 1250 4307 1252).

414 4328 476 4384 199)
494 4330 537 4380 lib.
559 4330 597 4380 lIl
616 4347 639 4383 o.
658 4327 691 4381 43
709 4330 786 4382 thle
804 4329 820 4381 l.
840 4346 863 4381 c.
882 4331 895 4380 I
913 4347 938 4396 p.
955 4325 1027 4392 989).
1059 4330 1172 4379 Firmum
1190 4335 1276 4379 antem
1296 4328 1431 4378 Scotorum
1441 4326 1492 4376 An-

360 4413 513 4481 glorumquo
538 4415 647 4466 eundem
666 4415 747 4471 inluso
770 4431 848 4480 quum
867 4415 926 4470 aliis
951 4431 982 4466 ex
1000 4415 1065 4468 locis
1083 4422 1135 4469 tum
1163 4431 1194 4472 ex
1212 4415 1291 4476 allato
1309 4413 1401 4478 synodi
1421 4428 1491 4481 prov.

358 4499 455 4551 Scotto.
474 4517 574 4552 cunone
592 4507 671 4568 patet

446 4584 548 4646 I)Io.
566 4605 592 4654 p.
610 4585 652 4638 95.
