<?xml version="1.0" encoding="UTF-8"?>
<!DOCTYPE html PUBLIC "-//W3C//DTD XHTML 1.0 Transitional//EN"
    "http://www.w3.org/TR/xhtml1/DTD/xhtml1-transitional.dtd">
<html xmlns="http://www.w3.org/1999/xhtml" xml:lang="en" lang="en">
 <head>
  <title>
</title>
<meta http-equiv="Content-Type" content="text/html;charset=utf-8" />
  <meta name='ocr-system' content='tesseract 3.04.00' />
  <meta name='ocr-capabilities' content='ocr_page ocr_carea ocr_par ocr_line ocrx_word'/>
</head>
<body>
  <div class='ocr_page' id='page_1' title='image "./detransferendaa00wachgoog_0065.png"; bbox 0 0 3644 5268; ppageno 0'>
   <div class='ocr_carea' id='block_1_1' title="bbox 921 673 963 741">
    <p class='ocr_par' dir='ltr' id='par_1_1' title="bbox 921 673 963 741">
     <span class='ocr_line' id='line_1_1' title="bbox 921 673 963 741; baseline 0 0"><span class='ocrx_word' id='word_1_1' title='bbox 921 673 963 741; x_wconf 82' lang='lat'>52</span> 
     </span>
    </p>
   </div>
   <div class='ocr_carea' id='block_1_2' title="bbox 371 823 1514 1623">
    <p class='ocr_par' dir='ltr' id='par_1_2' title="bbox 371 823 1510 1012">
     <span class='ocr_line' id='line_1_2' title="bbox 371 823 1510 904; baseline 0.001 -9"><span class='ocrx_word' id='word_1_2' title='bbox 371 829 462 896; x_wconf 83' lang='lat' dir='ltr'>valde</span> <span class='ocrx_word' id='word_1_3' title='bbox 484 829 623 894; x_wconf 83' lang='lat' dir='ltr'>diversos</span> <span class='ocrx_word' id='word_1_4' title='bbox 649 823 799 894; x_wconf 84' lang='lat' dir='ltr'>terminos</span> <span class='ocrx_word' id='word_1_5' title='bbox 826 825 933 894; x_wconf 76' lang='lat' dir='ltr'>danaos</span> <span class='ocrx_word' id='word_1_6' title='bbox 959 827 1037 892; x_wconf 86' lang='lat' dir='ltr'>deri.</span> <span class='ocrx_word' id='word_1_7' title='bbox 1082 825 1183 904; x_wconf 84' lang='lat' dir='ltr'>Quam</span> <span class='ocrx_word' id='word_1_8' title='bbox 1205 827 1245 892; x_wconf 95' lang='lat' dir='ltr'>ob</span> <span class='ocrx_word' id='word_1_9' title='bbox 1267 844 1410 894; x_wconf 75' lang='lat' dir='ltr'><strong>caussam</strong></span> <span class='ocrx_word' id='word_1_10' title='bbox 1432 830 1510 896; x_wconf 87' lang='lat' dir='ltr'>nihil</span> 
     </span>
     <span class='ocr_line' id='line_1_3' title="bbox 371 931 674 1012; baseline -0.01 -15"><span class='ocrx_word' id='word_1_11' title='bbox 371 933 443 997; x_wconf 79' lang='lat' dir='ltr'>toiri</span> <span class='ocrx_word' id='word_1_12' title='bbox 465 931 568 1010; x_wconf 82' lang='lat' dir='ltr'>habet,</span> <span class='ocrx_word' id='word_1_13' title='bbox 591 931 674 1012; x_wconf 89' lang='lat' dir='ltr'>quod</span> 
     </span>
    </p>

    <p class='ocr_par' dir='ltr' id='par_1_3' title="bbox 371 1029 1514 1623">
     <span class='ocr_line' id='line_1_4' title="bbox 458 1029 1512 1112; baseline -0.004 -12"><span class='ocrx_word' id='word_1_14' title='bbox 458 1037 488 1100; x_wconf 78' lang='lat'>2.</span> <span class='ocrx_word' id='word_1_15' title='bbox 521 1033 671 1097; x_wconf 84' lang='lat' dir='ltr'>Firmoe</span> <span class='ocrx_word' id='word_1_16' title='bbox 705 1031 751 1098; x_wconf 91' lang='lat' dir='ltr'>ad</span> <span class='ocrx_word' id='word_1_17' title='bbox 784 1030 960 1111; x_wconf 81' lang='lat' dir='ltr'><strong>longiora</strong></span> <span class='ocrx_word' id='word_1_18' title='bbox 988 1029 1179 1110; x_wconf 87' lang='lat' dir='ltr'>temporis</span> <span class='ocrx_word' id='word_1_19' title='bbox 1212 1031 1343 1112; x_wconf 79' lang='lat' dir='ltr'>spatia</span> <span class='ocrx_word' id='word_1_20' title='bbox 1369 1031 1418 1096; x_wconf 81' lang='lat' dir='ltr'>vel</span> <span class='ocrx_word' id='word_1_21' title='bbox 1440 1049 1512 1096; x_wconf 92' lang='lat' dir='ltr'>non</span> 
     </span>
     <span class='ocr_line' id='line_1_5' title="bbox 372 1131 1510 1216; baseline -0.002 -15"><span class='ocrx_word' id='word_1_22' title='bbox 372 1136 561 1202; x_wconf 87' lang='lat' dir='ltr'>modicum</span> <span class='ocrx_word' id='word_1_23' title='bbox 582 1140 735 1215; x_wconf 89' lang='lat' dir='ltr'>tempus</span> <span class='ocrx_word' id='word_1_24' title='bbox 758 1137 791 1198; x_wconf 91' lang='lat' dir='ltr'>et</span> <span class='ocrx_word' id='word_1_25' title='bbox 812 1137 886 1198; x_wconf 89' lang='lat' dir='ltr'>ante</span> <span class='ocrx_word' id='word_1_26' title='bbox 908 1137 941 1196; x_wconf 93' lang='lat' dir='ltr'>et</span> <span class='ocrx_word' id='word_1_27' title='bbox 962 1136 1035 1214; x_wconf 85' lang='lat' dir='ltr'>post</span> <span class='ocrx_word' id='word_1_28' title='bbox 1056 1131 1227 1197; x_wconf 79' lang='lat' dir='ltr'><strong>Alexandri</strong></span> <span class='ocrx_word' id='word_1_29' title='bbox 1249 1133 1434 1216; x_wconf 88' lang='lat' dir='ltr'>temporain</span> <span class='ocrx_word' id='word_1_30' title='bbox 1450 1152 1510 1198; x_wconf 89' lang='lat' dir='ltr'>usu</span> 
     </span>
     <span class='ocr_line' id='line_1_6' title="bbox 371 1233 1512 1316; baseline -0.002 -12"><span class='ocrx_word' id='word_1_31' title='bbox 371 1237 514 1304; x_wconf 86' lang='lat' dir='ltr'>luerunt:</span> <span class='ocrx_word' id='word_1_32' title='bbox 537 1237 583 1302; x_wconf 92' lang='lat' dir='ltr'>uti</span> <span class='ocrx_word' id='word_1_33' title='bbox 605 1233 713 1302; x_wconf 86' lang='lat' dir='ltr'>firmae</span> <span class='ocrx_word' id='word_1_34' title='bbox 736 1235 776 1302; x_wconf 90' lang='lat' dir='ltr'>od</span> <span class='ocrx_word' id='word_1_35' title='bbox 799 1233 833 1301; x_wconf 90' lang='lat' dir='ltr'>C.</span> <span class='ocrx_word' id='word_1_36' title='bbox 857 1251 1010 1300; x_wconf 85' lang='lat' dir='ltr'>annorum</span> <span class='ocrx_word' id='word_1_37' title='bbox 1020 1235 1077 1316; x_wconf 77' lang='lat'>⁸³),</span> <span class='ocrx_word' id='word_1_38' title='bbox 1111 1235 1152 1300; x_wconf 89' lang='lat' dir='ltr'>ud</span> <span class='ocrx_word' id='word_1_39' title='bbox 1184 1235 1316 1302; x_wconf 87' lang='lat' dir='ltr'>duorum</span> <span class='ocrx_word' id='word_1_40' title='bbox 1344 1236 1394 1306; x_wconf 82' lang='lat' dir='ltr'>vel</span> <span class='ocrx_word' id='word_1_41' title='bbox 1417 1237 1512 1302; x_wconf 87' lang='lat' dir='ltr'>trium</span> 
     </span>
     <span class='ocr_line' id='line_1_7' title="bbox 372 1338 1512 1423; baseline -0.002 -17"><span class='ocrx_word' id='word_1_42' title='bbox 372 1341 532 1406; x_wconf 86' lang='lat' dir='ltr'>hominum</span> <span class='ocrx_word' id='word_1_43' title='bbox 555 1340 651 1406; x_wconf 85' lang='lat' dir='ltr'>vitam</span> <span class='ocrx_word' id='word_1_44' title='bbox 665 1340 715 1423; x_wconf 80' lang='lat'>⁸⁸).</span> <span class='ocrx_word' id='word_1_45' title='bbox 747 1339 936 1405; x_wconf 86' lang='lat' dir='ltr'>Blaekstone</span> <span class='ocrx_word' id='word_1_46' title='bbox 959 1338 1054 1404; x_wconf 86' lang='lat' dir='ltr'>etiam</span> <span class='ocrx_word' id='word_1_47' title='bbox 1077 1339 1174 1404; x_wconf 88' lang='lat' dir='ltr'>tradit</span> <span class='ocrx_word' id='word_1_48' title='bbox 1188 1339 1226 1418; x_wconf 75' lang='lat'>⁸³)</span> <span class='ocrx_word' id='word_1_49' title='bbox 1257 1340 1290 1405; x_wconf 91' lang='lat' dir='ltr'>in</span> <span class='ocrx_word' id='word_1_50' title='bbox 1312 1339 1428 1404; x_wconf 84' lang='lat' dir='ltr'>Madox</span> <span class='ocrx_word' id='word_1_51' title='bbox 1450 1339 1512 1406; x_wconf 85' lang='lat' dir='ltr'>ool·</span> 
     </span>
     <span class='ocr_line' id='line_1_8' title="bbox 372 1439 1514 1509; baseline -0.002 -1"><span class='ocrx_word' id='word_1_52' title='bbox 372 1444 486 1509; x_wconf 76' lang='lat' dir='ltr'>lection</span> <span class='ocrx_word' id='word_1_53' title='bbox 508 1441 543 1508; x_wconf 86' lang='lat' dir='ltr'>ol</span> <span class='ocrx_word' id='word_1_54' title='bbox 562 1443 702 1507; x_wconf 85' lang='lat' dir='ltr'>ancients</span> <span class='ocrx_word' id='word_1_55' title='bbox 724 1442 930 1506; x_wconf 83' lang='lat' dir='ltr'>instrumenta</span> <span class='ocrx_word' id='word_1_56' title='bbox 959 1441 1100 1506; x_wconf 84' lang='lat' dir='ltr'>dationes</span> <span class='ocrx_word' id='word_1_57' title='bbox 1122 1441 1163 1506; x_wconf 84' lang='lat' dir='ltr'>od</span> <span class='ocrx_word' id='word_1_58' title='bbox 1184 1439 1307 1507; x_wconf 82' lang='lat' dir='ltr'>firmam</span> <span class='ocrx_word' id='word_1_59' title='bbox 1329 1441 1370 1506; x_wconf 88' lang='lat' dir='ltr'>ad</span> <span class='ocrx_word' id='word_1_60' title='bbox 1392 1445 1514 1506; x_wconf 84' lang='lat' dir='ltr'>trecen-</span> 
     </span>
     <span class='ocr_line' id='line_1_9' title="bbox 371 1539 1425 1623; baseline -0.005 -13"><span class='ocrx_word' id='word_1_61' title='bbox 371 1551 421 1610; x_wconf 87' lang='lat' dir='ltr'>tos</span> <span class='ocrx_word' id='word_1_62' title='bbox 445 1544 494 1609; x_wconf 88' lang='lat' dir='ltr'>vel</span> <span class='ocrx_word' id='word_1_63' title='bbox 516 1543 602 1608; x_wconf 86' lang='lat' dir='ltr'>millo</span> <span class='ocrx_word' id='word_1_64' title='bbox 624 1561 776 1608; x_wconf 87' lang='lat' dir='ltr'>annorum</span> <span class='ocrx_word' id='word_1_65' title='bbox 798 1546 939 1623; x_wconf 85' lang='lat' dir='ltr'>tempore</span> <span class='ocrx_word' id='word_1_66' title='bbox 961 1539 1101 1606; x_wconf 86' lang='lat' dir='ltr'>Eduardi</span> <span class='ocrx_word' id='word_1_67' title='bbox 1124 1541 1140 1606; x_wconf 96' lang='lat' dir='ltr'>I</span> <span class='ocrx_word' id='word_1_68' title='bbox 1161 1541 1260 1608; x_wconf 89' lang='lat' dir='ltr'>lactas</span> <span class='ocrx_word' id='word_1_69' title='bbox 1282 1543 1425 1608; x_wconf 83' lang='lat' dir='ltr'>inveniri.</span> 
     </span>
    </p>
   </div>
   <div class='ocr_carea' id='block_1_3' title="bbox 738 1709 1152 1793">
    <p class='ocr_par' dir='ltr' id='par_1_4' title="bbox 738 1709 1152 1793">
     <span class='ocr_line' id='line_1_10' title="bbox 738 1709 1152 1793; baseline 0.002 -17"><span class='ocrx_word' id='word_1_70' title='bbox 738 1713 766 1776; x_wconf 79' lang='lat'>3.</span> <span class='ocrx_word' id='word_1_71' title='bbox 804 1710 1001 1793; x_wconf 86' lang='lat' dir='ltr'>Perpetuo</span> <span class='ocrx_word' id='word_1_72' title='bbox 1027 1709 1152 1777; x_wconf 84' lang='lat' dir='ltr'>firma:</span> 
     </span>
    </p>
   </div>
   <div class='ocr_carea' id='block_1_4' title="bbox 296 1845 1518 2342">
    <p class='ocr_par' dir='ltr' id='par_1_5' title="bbox 296 1845 1518 2342">
     <span class='ocr_line' id='line_1_11' title="bbox 375 1845 1515 1930; baseline 0.007 -18"><span class='ocrx_word' id='word_1_73' title='bbox 375 1849 511 1930; x_wconf 88' lang='lat' dir='ltr'>primum</span> <span class='ocrx_word' id='word_1_74' title='bbox 533 1848 564 1912; x_wconf 91' lang='lat' dir='ltr'>in</span> <span class='ocrx_word' id='word_1_75' title='bbox 588 1846 698 1912; x_wconf 89' lang='lat' dir='ltr'>charta</span> <span class='ocrx_word' id='word_1_76' title='bbox 719 1847 855 1927; x_wconf 89' lang='lat' dir='ltr'>quodam</span> <span class='ocrx_word' id='word_1_77' title='bbox 877 1846 961 1928; x_wconf 84' lang='lat' dir='ltr'>regis</span> <span class='ocrx_word' id='word_1_78' title='bbox 984 1845 1112 1912; x_wconf 75' lang='lat' dir='ltr'>Heluidi</span> <span class='ocrx_word' id='word_1_79' title='bbox 1143 1866 1171 1912; x_wconf 87' lang='lat' dir='ltr'>a.</span> <span class='ocrx_word' id='word_1_80' title='bbox 1197 1847 1415 1930; x_wconf 61' lang='lat'>1100-1135</span> <span class='ocrx_word' id='word_1_81' title='bbox 1439 1855 1515 1920; x_wconf 83' lang='lat' dir='ltr'>mihi</span> 
     </span>
     <span class='ocr_line' id='line_1_12' title="bbox 375 1948 1518 2036; baseline 0.005 -22"><span class='ocrx_word' id='word_1_82' title='bbox 375 1950 510 2014; x_wconf 83' lang='lat' dir='ltr'>occurrit</span> <span class='ocrx_word' id='word_1_83' title='bbox 522 1950 569 2026; x_wconf 79' lang='lat'>⁸⁶).</span> <span class='ocrx_word' id='word_1_84' title='bbox 613 1949 727 2013; x_wconf 80' lang='lat' dir='ltr'>Postea</span> <span class='ocrx_word' id='word_1_85' title='bbox 753 1967 827 2012; x_wconf 88' lang='lat' dir='ltr'>vero</span> <span class='ocrx_word' id='word_1_86' title='bbox 854 1948 994 2027; x_wconf 84' lang='lat' dir='ltr'>saepius:</span> <span class='ocrx_word' id='word_1_87' title='bbox 1027 1949 1073 2011; x_wconf 92' lang='lat' dir='ltr'>uti</span> <span class='ocrx_word' id='word_1_88' title='bbox 1100 1949 1270 2015; x_wconf 83' lang='lat' dir='ltr'>Alexandri</span> <span class='ocrx_word' id='word_1_89' title='bbox 1297 1951 1345 2016; x_wconf 89' lang='lat'>111</span> <span class='ocrx_word' id='word_1_90' title='bbox 1377 1962 1518 2036; x_wconf 87' lang='lat' dir='ltr'>tempore</span> 
     </span>
     <span class='ocr_line' id='line_1_13' title="bbox 374 2047 1516 2133; baseline 0.006 -19"><span class='ocrx_word' id='word_1_91' title='bbox 374 2052 406 2114; x_wconf 91' lang='lat' dir='ltr'>in</span> <span class='ocrx_word' id='word_1_92' title='bbox 430 2049 596 2114; x_wconf 81' lang='lat' dir='ltr'>donatione</span> <span class='ocrx_word' id='word_1_93' title='bbox 618 2049 754 2130; x_wconf 89' lang='lat' dir='ltr'>quadam</span> <span class='ocrx_word' id='word_1_94' title='bbox 776 2050 964 2113; x_wconf 87' lang='lat' dir='ltr'>monasterio</span> <span class='ocrx_word' id='word_1_95' title='bbox 992 2047 1023 2113; x_wconf 89' lang='lat' dir='ltr'>S.</span> <span class='ocrx_word' id='word_1_96' title='bbox 1046 2049 1133 2113; x_wconf 88' lang='lat' dir='ltr'>Petri</span> <span class='ocrx_word' id='word_1_97' title='bbox 1155 2048 1241 2116; x_wconf 85' lang='lat' dir='ltr'>Gloo.</span> <span class='ocrx_word' id='word_1_98' title='bbox 1265 2052 1393 2133; x_wconf 82' lang='lat' dir='ltr'>collata,</span> <span class='ocrx_word' id='word_1_99' title='bbox 1428 2057 1516 2121; x_wconf 87' lang='lat' dir='ltr'>euius</span> 
     </span>
     <span class='ocr_line' id='line_1_14' title="bbox 376 2148 1517 2237; baseline 0.005 -21"><span class='ocrx_word' id='word_1_100' title='bbox 376 2153 485 2216; x_wconf 77' lang='lat' dir='ltr'>olianta</span> <span class='ocrx_word' id='word_1_101' title='bbox 506 2152 539 2215; x_wconf 93' lang='lat' dir='ltr'>in</span> <span class='ocrx_word' id='word_1_102' title='bbox 561 2149 729 2216; x_wconf 86' lang='lat' dir='ltr'>cartulario</span> <span class='ocrx_word' id='word_1_103' title='bbox 751 2151 802 2214; x_wconf 87' lang='lat' dir='ltr'>eit.</span> <span class='ocrx_word' id='word_1_104' title='bbox 826 2154 930 2214; x_wconf 85' lang='lat' dir='ltr'>exstat</span> <span class='ocrx_word' id='word_1_105' title='bbox 943 2150 1002 2230; x_wconf 82' lang='lat'>⁸⁷);</span> <span class='ocrx_word' id='word_1_106' title='bbox 1024 2150 1070 2213; x_wconf 93' lang='lat' dir='ltr'>uti</span> <span class='ocrx_word' id='word_1_107' title='bbox 1083 2148 1291 2232; x_wconf 85' lang='lat' dir='ltr'>GregonioIX</span> <span class='ocrx_word' id='word_1_108' title='bbox 1312 2163 1464 2237; x_wconf 82' lang='lat' dir='ltr'>regnante</span> <span class='ocrx_word' id='word_1_109' title='bbox 1486 2159 1517 2222; x_wconf 92' lang='lat' dir='ltr'>in</span> 
     </span>
     <span class='ocr_line' id='line_1_15' title="bbox 296 2251 1517 2342; baseline 0.004 -23"><span class='ocrx_word' id='word_1_110' title='bbox 296 2285 298 2290; x_wconf 96' lang='lat'>·</span> <span class='ocrx_word' id='word_1_111' title='bbox 374 2255 573 2319; x_wconf 87' lang='lat' dir='ltr'>concessione</span> <span class='ocrx_word' id='word_1_112' title='bbox 595 2253 745 2317; x_wconf 84' lang='lat' dir='ltr'>ecclesiae</span> <span class='ocrx_word' id='word_1_113' title='bbox 766 2251 928 2317; x_wconf 82' lang='lat' dir='ltr'>cuiusdam</span> <span class='ocrx_word' id='word_1_114' title='bbox 949 2251 990 2316; x_wconf 88' lang='lat' dir='ltr'>od</span> <span class='ocrx_word' id='word_1_115' title='bbox 1011 2257 1196 2334; x_wconf 76' lang='lat' dir='ltr'>perpetuant</span> <span class='ocrx_word' id='word_1_116' title='bbox 1218 2253 1340 2322; x_wconf 86' lang='lat' dir='ltr'>firmam</span> <span class='ocrx_word' id='word_1_117' title='bbox 1358 2259 1406 2342; x_wconf 82' lang='lat'>⁸⁸).</span> <span class='ocrx_word' id='word_1_118' title='bbox 1449 2257 1517 2324; x_wconf 91' lang='lat' dir='ltr'>Un-</span> 
     </span>
    </p>
   </div>
   <div class='ocr_carea' id='block_1_5' title="bbox 377 2459 1528 4570">
    <p class='ocr_par' dir='ltr' id='par_1_6' title="bbox 377 2459 1518 2784">
     <span class='ocr_line' id='line_1_16' title="bbox 444 2459 1512 2530; baseline 0.003 -18"><span class='ocrx_word' id='word_1_119' title='bbox 444 2459 491 2518; x_wconf 82' lang='grc'>83)</span> <span class='ocrx_word' id='word_1_120' title='bbox 509 2462 551 2514; x_wconf 74' lang='lat' dir='ltr'>lta</span> <span class='ocrx_word' id='word_1_121' title='bbox 569 2463 646 2514; x_wconf 76' lang='lat' dir='ltr'>affert</span> <span class='ocrx_word' id='word_1_122' title='bbox 663 2459 844 2526; x_wconf 73' lang='lat' dir='ltr'>ingulphuo</span> <span class='ocrx_word' id='word_1_123' title='bbox 862 2461 890 2510; x_wconf 88' lang='lat' dir='ltr'>in</span> <span class='ocrx_word' id='word_1_124' title='bbox 907 2459 970 2511; x_wconf 80' lang='lat' dir='ltr'>hist.</span> <span class='ocrx_word' id='word_1_125' title='bbox 987 2475 1036 2510; x_wconf 77' lang='lat' dir='ltr'>sua</span> <span class='ocrx_word' id='word_1_126' title='bbox 1054 2477 1122 2512; x_wconf 89' lang='lat' dir='ltr'>mon.</span> <span class='ocrx_word' id='word_1_127' title='bbox 1133 2461 1221 2527; x_wconf 77' lang='lat' dir='ltr'>Croyl.</span> <span class='ocrx_word' id='word_1_128' title='bbox 1240 2462 1294 2528; x_wconf 77' lang='lat' dir='ltr'>(ap.</span> <span class='ocrx_word' id='word_1_129' title='bbox 1313 2462 1408 2514; x_wconf 81' lang='lat' dir='ltr'>Savila</span> <span class='ocrx_word' id='word_1_130' title='bbox 1425 2481 1453 2530; x_wconf 86' lang='lat' dir='ltr'>p.</span> <span class='ocrx_word' id='word_1_131' title='bbox 1462 2463 1512 2519; x_wconf 89' lang='grc'><strong>891</strong></span> 
     </span>
     <span class='ocr_line' id='line_1_17' title="bbox 380 2544 1518 2618; baseline 0.004 -19"><span class='ocrx_word' id='word_1_132' title='bbox 380 2563 428 2614; x_wconf 57' lang='lat' dir='ltr'>sq„</span> <span class='ocrx_word' id='word_1_133' title='bbox 446 2564 471 2613; x_wconf 90' lang='lat' dir='ltr'>p.</span> <span class='ocrx_word' id='word_1_134' title='bbox 490 2545 550 2611; x_wconf 81' lang='grc'><strong>898,</strong></span> <span class='ocrx_word' id='word_1_135' title='bbox 568 2565 592 2613; x_wconf 94' lang='lat' dir='ltr'>p.</span> <span class='ocrx_word' id='word_1_136' title='bbox 601 2544 663 2612; x_wconf 90' lang='grc'><strong>919)</strong></span> <span class='ocrx_word' id='word_1_137' title='bbox 682 2551 844 2598; x_wconf 79' lang='lat' dir='ltr'>contractum</span> <span class='ocrx_word' id='word_1_138' title='bbox 862 2545 895 2596; x_wconf 86' lang='lat' dir='ltr'>da</span> <span class='ocrx_word' id='word_1_139' title='bbox 912 2547 1037 2602; x_wconf 82' lang='lat' dir='ltr'>manerio.</span> <span class='ocrx_word' id='word_1_140' title='bbox 1048 2546 1080 2596; x_wconf 88' lang='lat' dir='ltr'>da</span> <span class='ocrx_word' id='word_1_141' title='bbox 1091 2548 1185 2613; x_wconf 81' lang='lat' dir='ltr'>Badby</span> <span class='ocrx_word' id='word_1_142' title='bbox 1203 2553 1265 2599; x_wconf 86' lang='lat' dir='ltr'>anto</span> <span class='ocrx_word' id='word_1_143' title='bbox 1283 2548 1379 2600; x_wconf 88' lang='lat' dir='ltr'>Canuti</span> <span class='ocrx_word' id='word_1_144' title='bbox 1397 2555 1518 2618; x_wconf 78' lang='lat' dir='ltr'>tempora</span> 
     </span>
     <span class='ocr_line' id='line_1_18' title="bbox 377 2630 1516 2702; baseline 0.005 -18"><span class='ocrx_word' id='word_1_145' title='bbox 377 2635 484 2687; x_wconf 83' lang='lat' dir='ltr'>laetum.</span> <span class='ocrx_word' id='word_1_146' title='bbox 521 2630 572 2699; x_wconf 84' lang='lat' dir='ltr'>[De</span> <span class='ocrx_word' id='word_1_147' title='bbox 590 2633 636 2684; x_wconf 93' lang='lat' dir='ltr'>illo</span> <span class='ocrx_word' id='word_1_148' title='bbox 655 2636 772 2684; x_wconf 86' lang='lat' dir='ltr'>manerio</span> <span class='ocrx_word' id='word_1_149' title='bbox 799 2633 831 2683; x_wconf 83' lang='lat' dir='ltr'>ci.</span> <span class='ocrx_word' id='word_1_150' title='bbox 850 2632 914 2698; x_wconf 84' lang='lat' dir='ltr'>dipl.</span> <span class='ocrx_word' id='word_1_151' title='bbox 932 2632 1077 2684; x_wconf 79' lang='lat' dir='ltr'>CCXCVII</span> <span class='ocrx_word' id='word_1_152' title='bbox 1105 2650 1130 2686; x_wconf 86' lang='lat' dir='ltr'>a.</span> <span class='ocrx_word' id='word_1_153' title='bbox 1149 2630 1201 2686; x_wconf 83' lang='grc'><strong>898</strong></span> <span class='ocrx_word' id='word_1_154' title='bbox 1228 2634 1351 2696; x_wconf 83' lang='lat' dir='ltr'>(Komble</span> <span class='ocrx_word' id='word_1_155' title='bbox 1377 2636 1426 2686; x_wconf 84' lang='lat' dir='ltr'>aod</span> <span class='ocrx_word' id='word_1_156' title='bbox 1453 2638 1516 2702; x_wconf 89' lang='lat' dir='ltr'>dipl.</span> 
     </span>
     <span class='ocr_line' id='line_1_19' title="bbox 378 2715 1286 2784; baseline -0.001 -15"><span class='ocrx_word' id='word_1_157' title='bbox 378 2725 432 2769; x_wconf 85' lang='lat' dir='ltr'>tom</span> <span class='ocrx_word' id='word_1_158' title='bbox 456 2720 484 2770; x_wconf 92' lang='lat'>11</span> <span class='ocrx_word' id='word_1_159' title='bbox 502 2735 519 2784; x_wconf 92' lang='lat' dir='ltr'>p</span> <span class='ocrx_word' id='word_1_160' title='bbox 537 2717 581 2782; x_wconf 86' lang='grc'><strong>89)</strong></span> <span class='ocrx_word' id='word_1_161' title='bbox 600 2724 628 2769; x_wconf 85' lang='lat' dir='ltr'>et</span> <span class='ocrx_word' id='word_1_162' title='bbox 645 2719 790 2768; x_wconf 84' lang='lat' dir='ltr'>chronio.</span> <span class='ocrx_word' id='word_1_163' title='bbox 808 2719 914 2768; x_wconf 82' lang='lat' dir='ltr'>abbat.</span> <span class='ocrx_word' id='word_1_164' title='bbox 932 2717 972 2768; x_wconf 85' lang='lat' dir='ltr'>de</span> <span class='ocrx_word' id='word_1_165' title='bbox 989 2718 1150 2768; x_wconf 79' lang='lat' dir='ltr'>Eveaham</span> <span class='ocrx_word' id='word_1_166' title='bbox 1172 2735 1198 2782; x_wconf 91' lang='lat' dir='ltr'>p.</span> <span class='ocrx_word' id='word_1_167' title='bbox 1216 2715 1286 2782; x_wconf 78' lang='grc'><strong>893.)</strong></span> 
     </span>
    </p>

    <p class='ocr_par' dir='ltr' id='par_1_7' title="bbox 380 2800 1522 3972">
     <span class='ocr_line' id='line_1_20' title="bbox 448 2800 1517 2868; baseline 0.001 -14"><span class='ocrx_word' id='word_1_168' title='bbox 448 2801 481 2854; x_wconf 71' lang='grc'>81</span> <span class='ocrx_word' id='word_1_169' title='bbox 486 2807 495 2862; x_wconf 88' lang='grc'><strong>)</strong></span> <span class='ocrx_word' id='word_1_170' title='bbox 513 2804 555 2854; x_wconf 86' lang='lat' dir='ltr'>De</span> <span class='ocrx_word' id='word_1_171' title='bbox 573 2803 670 2868; x_wconf 83' lang='lat' dir='ltr'>quibua</span> <span class='ocrx_word' id='word_1_172' title='bbox 688 2807 776 2851; x_wconf 86' lang='lat' dir='ltr'>antem</span> <span class='ocrx_word' id='word_1_173' title='bbox 804 2801 884 2852; x_wconf 81' lang='lat' dir='ltr'>firmis</span> <span class='ocrx_word' id='word_1_174' title='bbox 903 2801 1045 2867; x_wconf 81' lang='lat' dir='ltr'>dlligantor</span> <span class='ocrx_word' id='word_1_175' title='bbox 1063 2800 1265 2866; x_wconf 81' lang='lat' dir='ltr'>distinguendae</span> <span class='ocrx_word' id='word_1_176' title='bbox 1284 2805 1345 2850; x_wconf 83' lang='lat' dir='ltr'>aunt</span> <span class='ocrx_word' id='word_1_177' title='bbox 1362 2801 1517 2855; x_wconf 73' lang='lat' dir='ltr'>donationes</span> 
     </span>
     <span class='ocr_line' id='line_1_21' title="bbox 380 2884 1517 2952; baseline 0.004 -16"><span class='ocrx_word' id='word_1_178' title='bbox 380 2887 415 2936; x_wconf 79' lang='lat' dir='ltr'>ad</span> <span class='ocrx_word' id='word_1_179' title='bbox 432 2886 542 2937; x_wconf 89' lang='lat' dir='ltr'>duorum</span> <span class='ocrx_word' id='word_1_180' title='bbox 561 2887 711 2952; x_wconf 82' lang='lat' dir='ltr'>pluriumve</span> <span class='ocrx_word' id='word_1_181' title='bbox 727 2888 823 2937; x_wconf 80' lang='lat' dir='ltr'>vitam:</span> <span class='ocrx_word' id='word_1_182' title='bbox 843 2886 1023 2937; x_wconf 81' lang='lat' dir='ltr'>ellIomble</span> <span class='ocrx_word' id='word_1_183' title='bbox 1040 2886 1059 2936; x_wconf 92' lang='grc'>1.</span> <span class='ocrx_word' id='word_1_184' title='bbox 1078 2884 1124 2936; x_wconf 86' lang='lat' dir='ltr'>o.I</span> <span class='ocrx_word' id='word_1_185' title='bbox 1141 2885 1237 2934; x_wconf 81' lang='lat' dir='ltr'>introd.</span> <span class='ocrx_word' id='word_1_186' title='bbox 1248 2901 1273 2949; x_wconf 88' lang='lat' dir='ltr'>p.</span> <span class='ocrx_word' id='word_1_187' title='bbox 1282 2885 1404 2938; x_wconf 86' lang='lat' dir='ltr'>XXXIV.</span> <span class='ocrx_word' id='word_1_188' title='bbox 1421 2889 1517 2940; x_wconf 77' lang='lat' dir='ltr'>Flete</span> 
     </span>
     <span class='ocr_line' id='line_1_22' title="bbox 380 2969 1517 3038; baseline 0.003 -16"><span class='ocrx_word' id='word_1_189' title='bbox 380 2972 425 3023; x_wconf 91' lang='lat' dir='ltr'>lib.</span> <span class='ocrx_word' id='word_1_190' title='bbox 443 2972 484 3022; x_wconf 92' lang='lat' dir='ltr'>III</span> <span class='ocrx_word' id='word_1_191' title='bbox 502 2988 524 3023; x_wconf 87' lang='lat' dir='ltr'>e.</span> <span class='ocrx_word' id='word_1_192' title='bbox 546 2973 578 3024; x_wconf 88' lang='grc'><strong>19</strong></span> <span class='ocrx_word' id='word_1_193' title='bbox 596 2989 622 3038; x_wconf 88' lang='lat' dir='ltr'>p.</span> <span class='ocrx_word' id='word_1_194' title='bbox 642 2969 702 3025; x_wconf 83' lang='grc'><strong>419.</strong></span> <span class='ocrx_word' id='word_1_195' title='bbox 723 2971 764 3022; x_wconf 78' lang='lat' dir='ltr'>dd</span> <span class='ocrx_word' id='word_1_196' title='bbox 782 2971 884 3022; x_wconf 88' lang='lat' dir='ltr'>firmam</span> <span class='ocrx_word' id='word_1_197' title='bbox 902 2977 991 3022; x_wconf 87' lang='lat' dir='ltr'>autem</span> <span class='ocrx_word' id='word_1_198' title='bbox 1008 2974 1111 3035; x_wconf 78' lang='lat' dir='ltr'>spectat</span> <span class='ocrx_word' id='word_1_199' title='bbox 1127 2970 1357 3035; x_wconf 81' lang='lat' dir='ltr'>Domeadayb.:</span> <span class='ocrx_word' id='word_1_200' title='bbox 1374 2971 1517 3026; x_wconf 81' lang='lat' dir='ltr'>Wiroaoire</span> 
     </span>
     <span class='ocr_line' id='line_1_23' title="bbox 383 3055 1519 3120; baseline 0.003 -13"><span class='ocrx_word' id='word_1_201' title='bbox 383 3064 465 3114; x_wconf 69' lang='lat' dir='ltr'>(terra</span> <span class='ocrx_word' id='word_1_202' title='bbox 476 3058 502 3109; x_wconf 85' lang='lat' dir='ltr'>S.</span> <span class='ocrx_word' id='word_1_203' title='bbox 513 3059 616 3110; x_wconf 85' lang='lat' dir='ltr'>Mariae</span> <span class='ocrx_word' id='word_1_204' title='bbox 634 3057 799 3120; x_wconf 83' lang='lat' dir='ltr'>dePeraore)</span> <span class='ocrx_word' id='word_1_205' title='bbox 817 3057 883 3108; x_wconf 75' lang='lat' dir='ltr'>honae</span> <span class='ocrx_word' id='word_1_206' title='bbox 899 3065 996 3106; x_wconf 73' lang='lat' dir='ltr'>terram</span> <span class='ocrx_word' id='word_1_207' title='bbox 1013 3055 1093 3106; x_wconf 76' lang='lat' dir='ltr'>tenuit</span> <span class='ocrx_word' id='word_1_208' title='bbox 1110 3055 1178 3105; x_wconf 80' lang='lat' dir='ltr'>Azor</span> <span class='ocrx_word' id='word_1_209' title='bbox 1195 3055 1293 3106; x_wconf 79' lang='lat' dir='ltr'>atinde</span> <span class='ocrx_word' id='word_1_210' title='bbox 1309 3056 1430 3107; x_wconf 72' lang='lat' dir='ltr'>seruiebat</span> <span class='ocrx_word' id='word_1_211' title='bbox 1445 3059 1519 3110; x_wconf 84' lang='lat' dir='ltr'>ecole-</span> 
     </span>
     <span class='ocr_line' id='line_1_24' title="bbox 383 3139 1520 3208; baseline 0.005 -18"><span class='ocrx_word' id='word_1_212' title='bbox 383 3143 436 3191; x_wconf 71' lang='lat' dir='ltr'>aiae</span> <span class='ocrx_word' id='word_1_213' title='bbox 462 3151 485 3190; x_wconf 77' lang='lat' dir='ltr'>et</span> <span class='ocrx_word' id='word_1_214' title='bbox 507 3160 559 3206; x_wconf 83' lang='lat' dir='ltr'>pro</span> <span class='ocrx_word' id='word_1_215' title='bbox 583 3143 749 3208; x_wconf 73' lang='lat' dir='ltr'>reoopaitione</span> <span class='ocrx_word' id='word_1_216' title='bbox 766 3142 844 3192; x_wconf 81' lang='lat' dir='ltr'>dabat</span> <span class='ocrx_word' id='word_1_217' title='bbox 861 3142 889 3190; x_wconf 78' lang='lat' dir='ltr'>iu</span> <span class='ocrx_word' id='word_1_218' title='bbox 906 3159 974 3190; x_wconf 74' lang='lat' dir='ltr'>anano</span> <span class='ocrx_word' id='word_1_219' title='bbox 991 3139 1118 3190; x_wconf 71' lang='lat' dir='ltr'>mametis</span> <span class='ocrx_word' id='word_1_220' title='bbox 1135 3155 1213 3188; x_wconf 82' lang='lat' dir='ltr'>unam</span> <span class='ocrx_word' id='word_1_221' title='bbox 1224 3139 1328 3204; x_wconf 72' lang='lat' dir='ltr'>flantem</span> <span class='ocrx_word' id='word_1_222' title='bbox 1345 3149 1390 3190; x_wconf 83' lang='lat' dir='ltr'>aut</span> <span class='ocrx_word' id='word_1_223' title='bbox 1407 3144 1461 3193; x_wconf 86' lang='lat' dir='ltr'>XX</span> <span class='ocrx_word' id='word_1_224' title='bbox 1474 3146 1520 3198; x_wconf 74' lang='lat' dir='ltr'>tol.</span> 
     </span>
     <span class='ocr_line' id='line_1_25' title="bbox 387 3224 1519 3291; baseline 0.003 -17"><span class='ocrx_word' id='word_1_225' title='bbox 387 3235 410 3274; x_wconf 85' lang='lat' dir='ltr'>et</span> <span class='ocrx_word' id='word_1_226' title='bbox 428 3235 484 3276; x_wconf 83' lang='lat' dir='ltr'>erat</span> <span class='ocrx_word' id='word_1_227' title='bbox 500 3227 639 3287; x_wconf 70' lang='lat' dir='ltr'>connotatio,</span> <span class='ocrx_word' id='word_1_228' title='bbox 657 3235 685 3275; x_wconf 74' lang='lat' dir='ltr'>at</span> <span class='ocrx_word' id='word_1_229' title='bbox 704 3233 759 3291; x_wconf 81' lang='lat' dir='ltr'>poet</span> <span class='ocrx_word' id='word_1_230' title='bbox 776 3234 879 3276; x_wconf 79' lang='lat' dir='ltr'>moriem</span> <span class='ocrx_word' id='word_1_231' title='bbox 896 3225 949 3274; x_wconf 82' lang='lat' dir='ltr'>eiua</span> <span class='ocrx_word' id='word_1_232' title='bbox 967 3233 990 3274; x_wconf 81' lang='lat' dir='ltr'>et</span> <span class='ocrx_word' id='word_1_233' title='bbox 1006 3224 1095 3273; x_wconf 73' lang='lat' dir='ltr'>uxoria</span> <span class='ocrx_word' id='word_1_234' title='bbox 1112 3239 1173 3272; x_wconf 80' lang='lat' dir='ltr'>tuae</span> <span class='ocrx_word' id='word_1_235' title='bbox 1190 3224 1286 3273; x_wconf 80' lang='lat' dir='ltr'>rediret</span> <span class='ocrx_word' id='word_1_236' title='bbox 1302 3231 1373 3274; x_wconf 80' lang='lat' dir='ltr'>terra</span> <span class='ocrx_word' id='word_1_237' title='bbox 1390 3226 1425 3278; x_wconf 84' lang='lat' dir='ltr'>od</span> <span class='ocrx_word' id='word_1_238' title='bbox 1441 3227 1519 3277; x_wconf 83' lang='lat' dir='ltr'>domi-</span> 
     </span>
     <span class='ocr_line' id='line_1_26' title="bbox 384 3306 1521 3378; baseline 0.004 -18"><span class='ocrx_word' id='word_1_239' title='bbox 384 3312 457 3360; x_wconf 77' lang='lat' dir='ltr'>nium</span> <span class='ocrx_word' id='word_1_240' title='bbox 475 3310 599 3362; x_wconf 73' lang='lat' dir='ltr'>ecelesiae.</span> <span class='ocrx_word' id='word_1_241' title='bbox 617 3337 649 3348; x_wconf 90' lang='lat'>-·</span> <span class='ocrx_word' id='word_1_242' title='bbox 668 3311 744 3362; x_wconf 82' lang='lat' dir='ltr'>ibid:</span> <span class='ocrx_word' id='word_1_243' title='bbox 770 3311 839 3362; x_wconf 88' lang='lat' dir='ltr'>hano</span> <span class='ocrx_word' id='word_1_244' title='bbox 857 3306 976 3374; x_wconf 84' lang='lat' dir='ltr'>(terram)</span> <span class='ocrx_word' id='word_1_245' title='bbox 996 3309 1058 3359; x_wconf 89' lang='lat' dir='ltr'>omit</span> <span class='ocrx_word' id='word_1_246' title='bbox 1076 3308 1182 3374; x_wconf 83' lang='lat' dir='ltr'>quidam</span> <span class='ocrx_word' id='word_1_247' title='bbox 1201 3310 1332 3361; x_wconf 83' lang='lat' dir='ltr'>Codrieua</span> <span class='ocrx_word' id='word_1_248' title='bbox 1350 3311 1382 3362; x_wconf 90' lang='grc' dir='ltr'>Τ.</span> <span class='ocrx_word' id='word_1_249' title='bbox 1399 3314 1471 3378; x_wconf 74' lang='lat' dir='ltr'>regis</span> <span class='ocrx_word' id='word_1_250' title='bbox 1487 3314 1521 3365; x_wconf 81' lang='lat' dir='ltr'>E.</span> 
     </span>
     <span class='ocr_line' id='line_1_27' title="bbox 385 3394 1520 3465; baseline 0.002 -19"><span class='ocrx_word' id='word_1_251' title='bbox 385 3399 442 3447; x_wconf 78' lang='lat' dir='ltr'>vita</span> <span class='ocrx_word' id='word_1_252' title='bbox 459 3399 538 3448; x_wconf 85' lang='lat' dir='ltr'>trium</span> <span class='ocrx_word' id='word_1_253' title='bbox 554 3395 682 3448; x_wconf 83' lang='lat' dir='ltr'>haredum</span> <span class='ocrx_word' id='word_1_254' title='bbox 699 3402 726 3447; x_wconf 88' lang='lat' dir='ltr'>at</span> <span class='ocrx_word' id='word_1_255' title='bbox 744 3395 822 3447; x_wconf 82' lang='lat' dir='ltr'>dabat</span> <span class='ocrx_word' id='word_1_256' title='bbox 838 3395 867 3445; x_wconf 90' lang='lat' dir='ltr'>in</span> <span class='ocrx_word' id='word_1_257' title='bbox 885 3411 954 3445; x_wconf 90' lang='lat' dir='ltr'>anno</span> <span class='ocrx_word' id='word_1_258' title='bbox 973 3394 1107 3446; x_wconf 82' lang='lat' dir='ltr'>monachis</span> <span class='ocrx_word' id='word_1_259' title='bbox 1125 3410 1205 3445; x_wconf 88' lang='lat' dir='ltr'>unam</span> <span class='ocrx_word' id='word_1_260' title='bbox 1222 3395 1323 3447; x_wconf 81' lang='lat' dir='ltr'>firmam</span> <span class='ocrx_word' id='word_1_261' title='bbox 1340 3412 1388 3460; x_wconf 88' lang='lat' dir='ltr'>pro</span> <span class='ocrx_word' id='word_1_262' title='bbox 1401 3400 1520 3465; x_wconf 76' lang='lat' dir='ltr'>recogni-</span> 
     </span>
     <span class='ocr_line' id='line_1_28' title="bbox 387 3479 1521 3546; baseline -0.002 -14"><span class='ocrx_word' id='word_1_263' title='bbox 387 3485 468 3532; x_wconf 78' lang='lat' dir='ltr'>tIono.</span> <span class='ocrx_word' id='word_1_264' title='bbox 493 3482 573 3532; x_wconf 85' lang='lat' dir='ltr'>Modo</span> <span class='ocrx_word' id='word_1_265' title='bbox 591 3479 623 3546; x_wconf 79' lang='lat' dir='ltr'>(a.</span> <span class='ocrx_word' id='word_1_266' title='bbox 641 3487 720 3546; x_wconf 83' lang='lat' dir='ltr'>temp.</span> <span class='ocrx_word' id='word_1_267' title='bbox 738 3481 823 3539; x_wconf 78' lang='lat' dir='ltr'>will.)</span> <span class='ocrx_word' id='word_1_268' title='bbox 841 3480 922 3530; x_wconf 83' lang='lat' dir='ltr'>habet</span> <span class='ocrx_word' id='word_1_269' title='bbox 939 3480 1008 3530; x_wconf 79' lang='lat' dir='ltr'>hane</span> <span class='ocrx_word' id='word_1_270' title='bbox 1025 3484 1123 3529; x_wconf 83' lang='lat' dir='ltr'>terram</span> <span class='ocrx_word' id='word_1_271' title='bbox 1141 3482 1235 3532; x_wconf 78' lang='lat' dir='ltr'>tertius</span> <span class='ocrx_word' id='word_1_272' title='bbox 1253 3481 1342 3544; x_wconf 84' lang='lat' dir='ltr'>heroa,</span> <span class='ocrx_word' id='word_1_273' title='bbox 1359 3484 1417 3534; x_wconf 78' lang='lat' dir='ltr'>soil.</span> <span class='ocrx_word' id='word_1_274' title='bbox 1444 3485 1521 3546; x_wconf 78' lang='lat' dir='ltr'>Urso,</span> 
     </span>
     <span class='ocr_line' id='line_1_29' title="bbox 385 3563 1520 3632; baseline 0.004 -16"><span class='ocrx_word' id='word_1_275' title='bbox 385 3570 431 3632; x_wconf 88' lang='lat' dir='ltr'>qui</span> <span class='ocrx_word' id='word_1_276' title='bbox 449 3583 508 3617; x_wconf 84' lang='lat' dir='ltr'>eam</span> <span class='ocrx_word' id='word_1_277' title='bbox 526 3572 609 3630; x_wconf 78' lang='lat' dir='ltr'>tonet,</span> <span class='ocrx_word' id='word_1_278' title='bbox 625 3573 685 3632; x_wconf 84' lang='lat' dir='ltr'>poat</span> <span class='ocrx_word' id='word_1_279' title='bbox 703 3569 759 3617; x_wconf 81' lang='lat' dir='ltr'>aluo</span> <span class='ocrx_word' id='word_1_280' title='bbox 777 3571 887 3616; x_wconf 86' lang='lat' dir='ltr'>mortam</span> <span class='ocrx_word' id='word_1_281' title='bbox 905 3564 985 3616; x_wconf 84' lang='lat' dir='ltr'>dohet</span> <span class='ocrx_word' id='word_1_282' title='bbox 1001 3563 1088 3614; x_wconf 81' lang='lat' dir='ltr'>redire</span> <span class='ocrx_word' id='word_1_283' title='bbox 1108 3565 1143 3614; x_wconf 89' lang='lat' dir='ltr'>ad</span> <span class='ocrx_word' id='word_1_284' title='bbox 1160 3566 1256 3617; x_wconf 83' lang='lat' dir='ltr'>aceles.</span> <span class='ocrx_word' id='word_1_285' title='bbox 1267 3567 1293 3618; x_wconf 85' lang='lat' dir='ltr'>S.</span> <span class='ocrx_word' id='word_1_286' title='bbox 1303 3565 1339 3617; x_wconf 80' lang='lat' dir='ltr'>M.</span> <span class='ocrx_word' id='word_1_287' title='bbox 1349 3566 1455 3629; x_wconf 80' lang='lat' dir='ltr'>(Galel.</span> <span class='ocrx_word' id='word_1_288' title='bbox 1465 3584 1488 3621; x_wconf 86' lang='lat' dir='ltr'>a.</span> <span class='ocrx_word' id='word_1_289' title='bbox 1499 3569 1520 3620; x_wconf 93' lang='lat'>1.</span> 
     </span>
     <span class='ocr_line' id='line_1_30' title="bbox 385 3647 1519 3717; baseline 0.001 -14"><span class='ocrx_word' id='word_1_290' title='bbox 385 3669 412 3717; x_wconf 86' lang='lat' dir='ltr'>p.</span> <span class='ocrx_word' id='word_1_291' title='bbox 431 3650 499 3714; x_wconf 84' lang='grc'><strong>768),</strong></span> <span class='ocrx_word' id='word_1_292' title='bbox 518 3651 558 3702; x_wconf 82' lang='lat' dir='ltr'>CI.</span> <span class='ocrx_word' id='word_1_293' title='bbox 577 3653 631 3703; x_wconf 84' lang='lat' dir='ltr'>alia</span> <span class='ocrx_word' id='word_1_294' title='bbox 649 3652 771 3717; x_wconf 82' lang='lat' dir='ltr'>exempla</span> <span class='ocrx_word' id='word_1_295' title='bbox 787 3652 815 3700; x_wconf 90' lang='lat' dir='ltr'>in</span> <span class='ocrx_word' id='word_1_296' title='bbox 834 3650 956 3700; x_wconf 84' lang='lat' dir='ltr'>Cartul.</span> <span class='ocrx_word' id='word_1_297' title='bbox 975 3647 1002 3700; x_wconf 81' lang='grc'>8.</span> <span class='ocrx_word' id='word_1_298' title='bbox 1019 3649 1105 3700; x_wconf 78' lang='lat' dir='ltr'>Patr.</span> <span class='ocrx_word' id='word_1_299' title='bbox 1117 3650 1220 3700; x_wconf 88' lang='lat' dir='ltr'>Glouo</span> <span class='ocrx_word' id='word_1_300' title='bbox 1239 3651 1301 3716; x_wconf 86' lang='lat' dir='ltr'>dipl.</span> <span class='ocrx_word' id='word_1_301' title='bbox 1318 3652 1409 3701; x_wconf 87' lang='lat' dir='ltr'>XXXI</span> <span class='ocrx_word' id='word_1_302' title='bbox 1426 3668 1451 3716; x_wconf 92' lang='lat' dir='ltr'>p.</span> <span class='ocrx_word' id='word_1_303' title='bbox 1461 3648 1519 3717; x_wconf 75' lang='lat'>1653</span> 
     </span>
     <span class='ocr_line' id='line_1_31' title="bbox 387 3732 1522 3803; baseline 0.001 -16"><span class='ocrx_word' id='word_1_304' title='bbox 387 3737 450 3802; x_wconf 89' lang='lat' dir='ltr'>dipl.</span> <span class='ocrx_word' id='word_1_305' title='bbox 460 3738 546 3788; x_wconf 83' lang='lat' dir='ltr'>XLIV</span> <span class='ocrx_word' id='word_1_306' title='bbox 556 3755 580 3803; x_wconf 84' lang='lat' dir='ltr'>p.</span> <span class='ocrx_word' id='word_1_307' title='bbox 592 3736 642 3790; x_wconf 93' lang='grc'><strong>179</strong></span> <span class='ocrx_word' id='word_1_308' title='bbox 656 3735 692 3802; x_wconf 80' lang='lat' dir='ltr'>(a.</span> <span class='ocrx_word' id='word_1_309' title='bbox 705 3733 884 3797; x_wconf 74' lang='grc'><strong>1993-1984)</strong></span> <span class='ocrx_word' id='word_1_310' title='bbox 902 3743 925 3785; x_wconf 86' lang='lat' dir='ltr'>et</span> <span class='ocrx_word' id='word_1_311' title='bbox 942 3734 978 3785; x_wconf 85' lang='lat' dir='ltr'>od</span> <span class='ocrx_word' id='word_1_312' title='bbox 994 3732 1070 3784; x_wconf 64' lang='grc' dir='ltr'>ι’ἰιαπι</span> <span class='ocrx_word' id='word_1_313' title='bbox 1086 3742 1232 3784; x_wconf 72' lang='lat' dir='ltr'>mom—et</span> <span class='ocrx_word' id='word_1_314' title='bbox 1247 3735 1283 3785; x_wconf 82' lang='lat' dir='ltr'>ad</span> <span class='ocrx_word' id='word_1_315' title='bbox 1299 3737 1376 3787; x_wconf 76' lang='lat' dir='ltr'>eitam</span> <span class='ocrx_word' id='word_1_316' title='bbox 1391 3737 1522 3788; x_wconf 74' lang='lat' dir='ltr'>naon-ia-</span> 
     </span>
     <span class='ocr_line' id='line_1_32' title="bbox 387 3815 1522 3886; baseline 0 -14"><span class='ocrx_word' id='word_1_317' title='bbox 387 3830 409 3871; x_wconf 85' lang='lat' dir='ltr'>et</span> <span class='ocrx_word' id='word_1_318' title='bbox 429 3821 464 3872; x_wconf 83' lang='lat' dir='ltr'>od</span> <span class='ocrx_word' id='word_1_319' title='bbox 479 3822 556 3872; x_wconf 57' lang='lat' dir='ltr'>wana</span> <span class='ocrx_word' id='word_1_320' title='bbox 572 3822 650 3872; x_wconf 78' lang='lat' dir='ltr'>anina</span> <span class='ocrx_word' id='word_1_321' title='bbox 667 3822 698 3872; x_wconf 82' lang='lat' dir='ltr'>de</span> <span class='ocrx_word' id='word_1_322' title='bbox 715 3821 813 3880; x_wconf 55' lang='lat' dir='ltr'>litera·</span> <span class='ocrx_word' id='word_1_323' title='bbox 831 3820 894 3884; x_wconf 87' lang='lat' dir='ltr'>dipl.</span> <span class='ocrx_word' id='word_1_324' title='bbox 914 3819 1012 3870; x_wconf 85' lang='lat' dir='ltr'>CXXV</span> <span class='ocrx_word' id='word_1_325' title='bbox 1030 3835 1056 3882; x_wconf 90' lang='lat' dir='ltr'>p.</span> <span class='ocrx_word' id='word_1_326' title='bbox 1066 3815 1130 3880; x_wconf 81' lang='grc'><strong>991;</strong></span> <span class='ocrx_word' id='word_1_327' title='bbox 1149 3819 1212 3884; x_wconf 83' lang='lat' dir='ltr'>dipl.</span> <span class='ocrx_word' id='word_1_328' title='bbox 1230 3820 1339 3874; x_wconf 82' lang='lat' dir='ltr'>CXXVI</span> <span class='ocrx_word' id='word_1_329' title='bbox 1356 3819 1522 3886; x_wconf 69' lang='lat' dir='ltr'>pllttaod.</span> 
     </span>
     <span class='ocr_line' id='line_1_33' title="bbox 386 3902 1223 3972; baseline 0.002 -16"><span class='ocrx_word' id='word_1_330' title='bbox 386 3905 477 3972; x_wconf 85' lang='lat' dir='ltr'>temp.)</span> <span class='ocrx_word' id='word_1_331' title='bbox 495 3906 536 3958; x_wconf 80' lang='lat' dir='ltr'>Cf.</span> <span class='ocrx_word' id='word_1_332' title='bbox 553 3922 657 3972; x_wconf 86' lang='lat' dir='ltr'>quoquo</span> <span class='ocrx_word' id='word_1_333' title='bbox 675 3907 772 3958; x_wconf 77' lang='lat' dir='ltr'>Flete</span> <span class='ocrx_word' id='word_1_334' title='bbox 789 3921 815 3971; x_wconf 88' lang='lat' dir='ltr'>p.</span> <span class='ocrx_word' id='word_1_335' title='bbox 833 3902 886 3958; x_wconf 80' lang='grc'>599</span> <span class='ocrx_word' id='word_1_336' title='bbox 903 3905 991 3965; x_wconf 84' lang='lat' dir='ltr'>(firmo</span> <span class='ocrx_word' id='word_1_337' title='bbox 1007 3903 1056 3954; x_wconf 87' lang='lat' dir='ltr'>XL</span> <span class='ocrx_word' id='word_1_338' title='bbox 1075 3904 1223 3966; x_wconf 86' lang='lat' dir='ltr'>annorum).</span> 
     </span>
    </p>

    <p class='ocr_par' dir='ltr' id='par_1_8' title="bbox 456 3987 822 4057">
     <span class='ocr_line' id='line_1_34' title="bbox 456 3987 822 4057; baseline -0.008 -13"><span class='ocrx_word' id='word_1_339' title='bbox 456 3991 501 4057; x_wconf 79' lang='lat'>85)</span> <span class='ocrx_word' id='word_1_340' title='bbox 519 3993 537 4043; x_wconf 95' lang='lat' dir='ltr'>I.</span> <span class='ocrx_word' id='word_1_341' title='bbox 556 4009 579 4044; x_wconf 83' lang='lat' dir='ltr'>a.</span> <span class='ocrx_word' id='word_1_342' title='bbox 597 3998 658 4043; x_wconf 89' lang='lat' dir='ltr'>tom.</span> <span class='ocrx_word' id='word_1_343' title='bbox 677 3990 704 4042; x_wconf 92' lang='lat' dir='ltr'>II</span> <span class='ocrx_word' id='word_1_344' title='bbox 721 4007 738 4056; x_wconf 92' lang='lat' dir='ltr'>p</span> <span class='ocrx_word' id='word_1_345' title='bbox 766 3987 822 4042; x_wconf 76' lang='lat' dir='ltr'>litt.</span> 
     </span>
    </p>

    <p class='ocr_par' dir='ltr' id='par_1_9' title="bbox 455 4070 1231 4145">
     <span class='ocr_line' id='line_1_35' title="bbox 455 4070 1231 4145; baseline -0.005 -16"><span class='ocrx_word' id='word_1_346' title='bbox 455 4076 501 4136; x_wconf 82' lang='grc'>88)</span> <span class='ocrx_word' id='word_1_347' title='bbox 517 4079 638 4129; x_wconf 78' lang='lat' dir='ltr'>Histor.</span> <span class='ocrx_word' id='word_1_348' title='bbox 656 4083 788 4128; x_wconf 81' lang='lat' dir='ltr'>monost.</span> <span class='ocrx_word' id='word_1_349' title='bbox 807 4077 848 4128; x_wconf 89' lang='lat' dir='ltr'>de</span> <span class='ocrx_word' id='word_1_350' title='bbox 865 4077 1006 4145; x_wconf 71' lang='lat' dir='ltr'>Abingd.</span> <span class='ocrx_word' id='word_1_351' title='bbox 1025 4076 1080 4126; x_wconf 82' lang='lat' dir='ltr'>vol.</span> <span class='ocrx_word' id='word_1_352' title='bbox 1099 4073 1125 4124; x_wconf 88' lang='lat' dir='ltr'>II</span> <span class='ocrx_word' id='word_1_353' title='bbox 1143 4091 1169 4139; x_wconf 92' lang='lat' dir='ltr'>p.</span> <span class='ocrx_word' id='word_1_354' title='bbox 1187 4070 1231 4126; x_wconf 81' lang='lat' dir='ltr'>dt.</span> 
     </span>
    </p>

    <p class='ocr_par' dir='ltr' id='par_1_10' title="bbox 387 4159 1528 4399">
     <span class='ocr_line' id='line_1_36' title="bbox 456 4159 1528 4229; baseline -0.005 -14"><span class='ocrx_word' id='word_1_355' title='bbox 456 4162 500 4226; x_wconf 83' lang='lat'>87)</span> <span class='ocrx_word' id='word_1_356' title='bbox 519 4163 638 4218; x_wconf 85' lang='lat' dir='ltr'>Cartul.</span> <span class='ocrx_word' id='word_1_357' title='bbox 655 4179 733 4214; x_wconf 88' lang='lat' dir='ltr'>mon.</span> <span class='ocrx_word' id='word_1_358' title='bbox 752 4164 778 4214; x_wconf 85' lang='grc'>8.</span> <span class='ocrx_word' id='word_1_359' title='bbox 796 4165 827 4214; x_wconf 88' lang='grc' dir='ltr'>Ρ.</span> <span class='ocrx_word' id='word_1_360' title='bbox 847 4163 880 4213; x_wconf 81' lang='lat' dir='ltr'>ul</span> <span class='ocrx_word' id='word_1_361' title='bbox 906 4179 933 4226; x_wconf 88' lang='lat' dir='ltr'>p.</span> <span class='ocrx_word' id='word_1_362' title='bbox 953 4161 1002 4213; x_wconf 77' lang='grc'><strong>197</strong></span> <span class='ocrx_word' id='word_1_363' title='bbox 1022 4161 1084 4227; x_wconf 85' lang='lat' dir='ltr'>dipl.</span> <span class='ocrx_word' id='word_1_364' title='bbox 1103 4161 1168 4211; x_wconf 89' lang='lat' dir='ltr'>XIV</span> <span class='ocrx_word' id='word_1_365' title='bbox 1187 4165 1213 4211; x_wconf 85' lang='lat' dir='ltr'>oi</span> <span class='ocrx_word' id='word_1_366' title='bbox 1232 4160 1282 4214; x_wconf 89' lang='lat' dir='ltr'>XV</span> <span class='ocrx_word' id='word_1_367' title='bbox 1300 4159 1345 4226; x_wconf 85' lang='lat' dir='ltr'>(ef.</span> <span class='ocrx_word' id='word_1_368' title='bbox 1363 4177 1423 4212; x_wconf 86' lang='lat' dir='ltr'>oum</span> <span class='ocrx_word' id='word_1_369' title='bbox 1440 4161 1528 4229; x_wconf 72' lang='lat' dir='ltr'>liatq&#39;f</span> 
     </span>
     <span class='ocr_line' id='line_1_37' title="bbox 389 4243 1524 4313; baseline -0.003 -13"><span class='ocrx_word' id='word_1_370' title='bbox 389 4249 522 4300; x_wconf 68' lang='lat' dir='ltr'>deviatione</span> <span class='ocrx_word' id='word_1_371' title='bbox 539 4257 563 4299; x_wconf 84' lang='lat' dir='ltr'>to</span> <span class='ocrx_word' id='word_1_372' title='bbox 579 4248 620 4300; x_wconf 78' lang='lat' dir='ltr'>ide</span> <span class='ocrx_word' id='word_1_373' title='bbox 637 4255 780 4313; x_wconf 69' lang='lat' dir='ltr'>monadery</span> <span class='ocrx_word' id='word_1_374' title='bbox 798 4264 823 4313; x_wconf 88' lang='lat' dir='ltr'>p.</span> <span class='ocrx_word' id='word_1_375' title='bbox 841 4244 875 4299; x_wconf 75' lang='lat' dir='ltr'>aa</span> <span class='ocrx_word' id='word_1_376' title='bbox 893 4247 926 4298; x_wconf 87' lang='lat' dir='ltr'>do</span> <span class='ocrx_word' id='word_1_377' title='bbox 945 4244 1114 4297; x_wconf 75' lang='lat' dir='ltr'>Aldeotoortde</span> <span class='ocrx_word' id='word_1_378' title='bbox 1132 4249 1159 4295; x_wconf 81' lang='lat' dir='ltr'>et</span> <span class='ocrx_word' id='word_1_379' title='bbox 1176 4261 1202 4310; x_wconf 92' lang='lat' dir='ltr'>p.</span> <span class='ocrx_word' id='word_1_380' title='bbox 1216 4243 1249 4298; x_wconf 92' lang='grc'>19</span> <span class='ocrx_word' id='word_1_381' title='bbox 1267 4245 1300 4296; x_wconf 84' lang='lat' dir='ltr'>de</span> <span class='ocrx_word' id='word_1_382' title='bbox 1318 4246 1461 4297; x_wconf 73' lang='lat' dir='ltr'>Hemalino</span> <span class='ocrx_word' id='word_1_383' title='bbox 1479 4248 1524 4298; x_wconf 83' lang='lat' dir='ltr'>ab·</span> 
     </span>
     <span class='ocr_line' id='line_1_38' title="bbox 387 4329 1259 4399; baseline -0.002 -15"><span class='ocrx_word' id='word_1_384' title='bbox 387 4337 458 4397; x_wconf 80' lang='lat' dir='ltr'>bato,</span> <span class='ocrx_word' id='word_1_385' title='bbox 477 4350 510 4384; x_wconf 86' lang='lat' dir='ltr'>ex</span> <span class='ocrx_word' id='word_1_386' title='bbox 528 4350 579 4399; x_wconf 91' lang='lat' dir='ltr'>quo</span> <span class='ocrx_word' id='word_1_387' title='bbox 597 4339 700 4397; x_wconf 76' lang='lat' dir='ltr'>tempus</span> <span class='ocrx_word' id='word_1_388' title='bbox 719 4331 848 4382; x_wconf 85' lang='lat' dir='ltr'>aditorum</span> <span class='ocrx_word' id='word_1_389' title='bbox 865 4331 1037 4396; x_wconf 78' lang='lat' dir='ltr'>diplomatum</span> <span class='ocrx_word' id='word_1_390' title='bbox 1054 4331 1133 4380; x_wconf 76' lang='lat' dir='ltr'>statui</span> <span class='ocrx_word' id='word_1_391' title='bbox 1151 4329 1259 4394; x_wconf 79' lang='lat' dir='ltr'>potent).</span> 
     </span>
    </p>

    <p class='ocr_par' dir='ltr' id='par_1_11' title="bbox 388 4414 1523 4570">
     <span class='ocr_line' id='line_1_39' title="bbox 457 4414 1523 4479; baseline -0.006 -9"><span class='ocrx_word' id='word_1_392' title='bbox 457 4416 503 4478; x_wconf 90' lang='grc'>88)</span> <span class='ocrx_word' id='word_1_393' title='bbox 520 4434 545 4469; x_wconf 79' lang='lat' dir='ltr'>a</span> <span class='ocrx_word' id='word_1_394' title='bbox 556 4415 631 4470; x_wconf 72' lang='grc'><strong>1911.</strong></span> <span class='ocrx_word' id='word_1_395' title='bbox 651 4417 749 4468; x_wconf 77' lang='lat' dir='ltr'>Charta</span> <span class='ocrx_word' id='word_1_396' title='bbox 766 4417 889 4467; x_wconf 81' lang='lat' dir='ltr'>notabilis</span> <span class='ocrx_word' id='word_1_397' title='bbox 906 4416 979 4466; x_wconf 80' lang='lat' dir='ltr'>illius</span> <span class='ocrx_word' id='word_1_398' title='bbox 999 4415 1181 4466; x_wconf 73' lang='lat' dir='ltr'>conventionis</span> <span class='ocrx_word' id='word_1_399' title='bbox 1196 4418 1283 4465; x_wconf 70' lang='lat' dir='ltr'>exstat</span> <span class='ocrx_word' id='word_1_400' title='bbox 1301 4414 1523 4479; x_wconf 82' lang='lat' dir='ltr'>ap&#39;I&#39;honnium</span> 
     </span>
     <span class='ocr_line' id='line_1_40' title="bbox 388 4497 1523 4570; baseline -0.007 -14"><span class='ocrx_word' id='word_1_401' title='bbox 388 4506 407 4556; x_wconf 96' lang='lat' dir='ltr'>l.</span> <span class='ocrx_word' id='word_1_402' title='bbox 425 4520 448 4555; x_wconf 82' lang='lat' dir='ltr'>a.</span> <span class='ocrx_word' id='word_1_403' title='bbox 467 4521 492 4570; x_wconf 89' lang='lat' dir='ltr'>p.</span> <span class='ocrx_word' id='word_1_404' title='bbox 508 4501 587 4557; x_wconf 87' lang='grc'><strong>9199.</strong></span> <span class='ocrx_word' id='word_1_405' title='bbox 622 4502 697 4564; x_wconf 84' lang='lat' dir='ltr'>Quae</span> <span class='ocrx_word' id='word_1_406' title='bbox 714 4504 855 4553; x_wconf 79' lang='lat' dir='ltr'>conventio</span> <span class='ocrx_word' id='word_1_407' title='bbox 879 4501 953 4552; x_wconf 85' lang='lat' dir='ltr'>bulla</span> <span class='ocrx_word' id='word_1_408' title='bbox 970 4497 1112 4552; x_wconf 78' lang='lat' dir='ltr'>Alexandri</span> <span class='ocrx_word' id='word_1_409' title='bbox 1133 4500 1171 4552; x_wconf 90' lang='lat' dir='ltr'>1v</span> <span class='ocrx_word' id='word_1_410' title='bbox 1191 4499 1256 4551; x_wconf 87' lang='lat' dir='ltr'>ibid.</span> <span class='ocrx_word' id='word_1_411' title='bbox 1274 4497 1449 4550; x_wconf 80' lang='lat' dir='ltr'>confirmatur.</span> <span class='ocrx_word' id='word_1_412' title='bbox 1484 4497 1523 4548; x_wconf 84' lang='lat' dir='ltr'>ct</span> 
     </span>
    </p>
   </div>
   <div class='ocr_carea' id='block_1_6' title="bbox 392 4585 691 4657">
    <p class='ocr_par' dir='ltr' id='par_1_12' title="bbox 392 4585 691 4657">
     <span class='ocr_line' id='line_1_41' title="bbox 392 4585 691 4657; baseline -0.007 -16"><span class='ocrx_word' id='word_1_413' title='bbox 392 4606 469 4657; x_wconf 88' lang='lat' dir='ltr'>quoq.</span> <span class='ocrx_word' id='word_1_414' title='bbox 488 4589 550 4656; x_wconf 90' lang='lat' dir='ltr'>dipl.</span> <span class='ocrx_word' id='word_1_415' title='bbox 570 4607 595 4656; x_wconf 90' lang='lat' dir='ltr'>p.</span> <span class='ocrx_word' id='word_1_416' title='bbox 612 4585 691 4641; x_wconf 86' lang='grc'><strong>9197.</strong></span> 
     </span>
    </p>
   </div>
   <div class='ocr_carea' id='block_1_7' title="bbox 0 0 1837 5268">
    <p class='ocr_par' dir='ltr' id='par_1_13' title="bbox 0 0 1837 5268">
     <span class='ocr_line' id='line_1_42' title="bbox 0 0 1837 5268; baseline 0 0"><span class='ocrx_word' id='word_1_417' title='bbox 0 0 1837 5268; x_wconf 95' lang='lat' dir='ltr'> </span> 
     </span>
    </p>
   </div>
  </div>
 </body>
</html>
