3644 5268
923 680 964 744 68

376 832 478 898 assisa
498 849 600 897 novae
622 832 806 898 disseisinee
828 830 1024 910 convenitur,
1058 829 1203 910 perinde,
1236 847 1274 896 oc
1299 831 1325 894 si
1348 829 1519 896 dominium

378 933 498 1014 praedii
521 934 581 998 sibi
594 933 861 1014 assumpserit00).
884 931 927 994 At
948 931 980 994 in
1002 931 1072 1010 ipse
1083 931 1283 996 restitutione
1298 931 1432 996 retentio
1446 949 1518 1012 pro·

374 1039 447 1116 pter
458 1033 689 1100 meliorationes
713 1050 830 1116 eosque
852 1033 1010 1113 impensus
1027 1029 1165 1096 firmerio
1187 1031 1415 1113 oncediturw)
1437 1050 1517 1114 quse

375 1136 502 1201 solitum
525 1135 652 1200 modum
673 1133 880 1213 instaurandi,
902 1151 994 1214 quem
1016 1133 1190 1198 manerium
1212 1133 1317 1214 ipsum
1340 1137 1446 1214 potest
1466 1150 1518 1197 su·

374 1237 501 1318 stinerc,
524 1236 736 1320 excedunt'¹).
771 1234 910 1314 Quorum
931 1236 1144 1316 impensurum
1166 1235 1292 1301 nornine
1315 1235 1343 1300 si
1360 1233 1520 1300 satisfece-

374 1340 418 1405 rit
440 1340 547 1406 stetim
571 1340 715 1406 dominus
737 1339 900 1421 praedium
917 1336 1169 1420 ingredietur'²),
1192 1356 1232 1404 ue
1254 1338 1357 1419 heres,
1380 1338 1407 1404 si
1430 1336 1521 1404 firme

374 1440 416 1506 ed
438 1442 606 1506 terminum
629 1442 712 1506 vitoe
734 1439 865 1506 firmarii
887 1446 964 1518 erat,
986 1441 1018 1504 in
1040 1439 1118 1504 illud
1141 1457 1175 1504 sc
1193 1441 1394 1506 intromittet.
1431 1440 1521 1506 Licet

375 1543 458 1608 enim
480 1543 577 1608 tacite
597 1543 744 1609 relocutio
766 1543 798 1608 in
820 1541 911 1608 firmo
931 1543 1034 1606 locum
1055 1558 1117 1606 uon
1138 1541 1267 1619 habeut,
1295 1548 1401 1608 temen
1424 1543 1516 1608 heres

374 1642 504 1709 firmarii
533 1645 583 1709 vel
610 1643 767 1710 firmarius
796 1645 864 1726 ipse
893 1644 1025 1709 termino
1047 1643 1228 1723 praeterito,
1257 1643 1330 1708 dum
1353 1661 1373 1708 u
1395 1644 1520 1710 domino

375 1745 612 1830 expellatur'³),
636 1747 727 1828 quasi
748 1764 912 1828 possessor
935 1757 967 1808 at
988 1743 1160 1828 sufferonce
1187 1745 1349 1826 praedium
1371 1747 1518 1824 tenet'⁴).

464 1846 582 1924 Quibus
604 1848 699 1914 rebus
721 1849 893 1931 perpensis,
917 1865 997 1929 quse
1019 1865 1056 1912 cc
1072 1846 1174 1927 qualis
1196 1844 1305 1914 firmae
1326 1848 1517 1914 noturoiue·

374 1949 425 2030 rit,
449 1951 565 2032 ambigi
587 1969 649 2016 non
666 1956 779 2032 potest.
814 1949 899 2016 Setis
921 1967 1078 2030 superque
1099 1949 1182 2013 enirn
1195 1949 1304 2030 elucet,
1326 1968 1429 2032 neque
1447 1969 1517 2016 eum

376 2051 589 2134 emphyteusi,
624 2071 726 2135 neque
754 2051 917 2119 usufructu
944 2070 1047 2133 neque
1074 2049 1228 2116 locotione
1250 2087 1289 2098 —
1314 2052 1518 2117 conductione

374 2152 595 2234 Romanorum,
630 2173 732 2236 neque
765 2154 899 2235 denique
932 2170 1003 2216 cum
1036 2157 1201 2218 contractu
1234 2154 1310 2218 iuris
1342 2152 1518 2218 Germanici

375 2254 543 2320 colonisrio
566 2255 818 2322 commutandum
840 2272 910 2318 euru
933 2271 1013 2318 esse.
1056 2253 1165 2335 Neque
1193 2254 1297 2320 minus
1319 2256 1517 2336 perspicuum

372 2358 482 2440 habeo,
505 2359 554 2424 ius
566 2358 696 2424 firmarii
712 2359 789 2424 utile
805 2357 974 2423 dominium
991 2357 1147 2422 immerito
1160 2357 1323 2440 vocuri’⁸).
1347 2358 1390 2423 At
1411 2357 1461 2423 ius
1483 2357 1515 2422 in

374 2466 510 2529 reicerte
528 2461 671 2542 acquirit,
691 2479 880 2543 quamquam
895 2461 927 2525 in
938 2459 1059 2542 praedii
1072 2460 1269 2540 possessione
1281 2479 1342 2525 non
1354 2465 1517 2542 estusque

374 2564 484 2629 utilem
506 2562 602 2628 habet
624 2563 874 2630 vindicationem.
921 2561 1010 2639 Quod
1039 2562 1163 2644 quidem
1186 2561 1251 2642 ius,
1284 2563 1312 2627 si
1334 2562 1374 2627 ud
1396 2579 1515 2627 merce·

374 2666 445 2730 dem
467 2664 592 2746 uliaque
607 2663 716 2729 firmae
733 2665 861 2745 proprie
877 2663 1092 2743 respiciemus,
1114 2663 1407 2730 locutio-conductio
1419 2663 1514 2728 restis

373 2765 498 2828 videtur
519 2783 598 2829 osso.

378 2936 580 2946 m

441 3083 488 3149 58)
506 3088 547 3141 Oi.
565 3087 661 3142 Flete
677 3089 722 3142 ht.
740 3089 779 3143 IV
796 3106 820 3142 c.
835 3085 848 3140 1
868 3090 893 3148 Β.
912 3086 929 3140 Β
946 3107 971 3155 p.
990 3083 1049 3143 165.

439 3170 489 3233 69)
506 3175 570 3226 ibid.
588 3175 612 3237 5.
632 3171 665 3227 10
681 3191 707 3242 p.
725 3171 789 3228 165ι
810 3175 869 3226 item
884 3174 960 3226 dum
970 3173 1004 3241 fit
1021 3173 1167 3237 disseieinm
1184 3191 1241 3227 eum
1258 3173 1315 3245 quie
1330 3191 1383 3227 non
1398 3173 1449 3228 nisi
1464 3191 1514 3227 nec-

371 3257 432 3312 dam
448 3259 543 3311 tatem
557 3260 736 3326 possessiomes
754 3261 830 3312 alteri
839 3260 912 3327 seod'
929 3260 1032 3327 feeerit,
1058 3261 1097 3312 uel
1117 3259 1224 3313 liberem
1240 3269 1418 3314 immeritum:
1444 3269 1467 3314 et
1490 3263 1514 3316 ei

371 3353 451 3398 custos
472 3345 621 3414 hocseceou't
640 3346 680 3397 cel
701 3345 886 3412 firmarius,
912 3355 936 3398 ct
952 3347 1036 3400 statim
1057 3363 1108 3414 per
1127 3363 1215 3400 senon
1230 3348 1372 3413 minum,
1398 3349 1437 3402 uel
1458 3349 1514 3402 eius

370 3433 470 3486 conduc
495 3432 602 3484 &datur
626 3432 789 3496 docuimus,
813 3440 903 3485 neuter
928 3433 1095 3500 recuperabit.
1129 3435 1191 3490 ibid
1211 3437 1234 3500 5.
1254 3435 1286 3490 11
1303 3453 1329 3504 p.
1348 3431 1412 3502 4603
1437 3438 1460 3500 1.
1480 3431 1513 3490 lu

372 3537 397 3585 p.
416 3516 468 3572 188
486 3520 659 3572 disseisientis
675 3519 752 3571 heres
770 3519 863 3571 brevi
881 3519 918 3571 de
934 3517 1091 3588 ingressu
1109 3524 1271 3588 convenitur,
1288 3524 1339 3575 uisi
1356 3524 1414 3590 ipse
1431 3538 1508 3590 quoq.

373 3589 537 3659 disseisinem
554 3605 644 3656 iaciat.
694 3617 697 3628 ·

441 3688 484 3756 70)
504 3691 544 3756 cf,
561 3691 626 3758 leg.
643 3690 777 3741 Heurici
794 3689 815 3742 1.
835 3707 858 3742 e.
875 3690 936 3744 LVI
953 3692 978 3754 1.
996 3689 1021 3744 3.

441 3774 484 3841 71)
503 3776 544 3828 Cf.
563 3778 639 3844 Rog.
659 3776 697 3827 de
713 3777 879 3828 Heroden.
897 3777 915 3828 1.
933 3794 965 3842 c,
984 3779 1028 3844 qui
1045 3777 1119 3829 iocus
1137 3793 1237 3829 summu
1254 3781 1409 3832 enctoritste
1427 3786 1477 3834 est.

442 3859 486 3925 71)
503 3863 555 3913 Per
572 3863 653 3914 breve
671 3861 703 3912 de
720 3862 853 3928 ingressu:
870 3863 903 3913 ci.
922 3863 982 3916 adn.
1001 3857 1061 3915 1119.

440 3943 485 4002 73)
504 3945 544 3998 01.
562 3947 677 4000 Macen.
694 3947 796 3998 Puris.
815 3948 860 4000 vit.
878 3949 932 4014 vig.
950 3953 983 4000 tr.
1002 3947 1062 4000 sbb.
1085 3963 1110 4014 p.
1130 3945 1171 4000 co.
1189 3946 1337 4002 Chronic.
1356 3947 1510 4002 Gervesii

261 4073 262 4076 ,
371 4025 514 4094 (Twysden
532 4047 558 4096 p.
578 4029 657 4089 1575)
674 4031 709 4082 sd
726 4048 749 4082 e.
768 4027 843 4083 llus.

440 4111 485 4173 71)
504 4113 546 4165 Of.
567 4115 599 4166 de
616 4115 667 4166 hec
684 4131 713 4166 re
729 4114 930 4168 Blsckstone
947 4117 965 4168 1.
982 4132 1006 4171 c.
1023 4123 1084 4172 tenu
1102 4117 1129 4168 11
1146 4134 1170 4170 o.
1190 4115 1223 4170 lo
1239 4135 1264 4184 p.
1285 4113 1344 4172 169.

443 4196 487 4262 75)
506 4199 599 4265 [teque
622 4201 760 4251 Richter
786 4201 880 4264 (lehrb.
904 4203 929 4252 d.
947 4203 1077 4254 kirchenr.
1103 4203 1144 4256 ed.
1161 4203 1194 4255 V.
1216 4204 1241 4265 1.
1261 4203 1310 4256 151
1336 4205 1397 4257 edu.
1417 4203 1460 4270 11)
1486 4211 1513 4258 et

371 4281 496 4334 Walter
513 4285 608 4343 (lehrb.
627 4287 652 4337 d.
670 4287 802 4339 kirchenr.
820 4287 861 4342 ed.
879 4287 927 4338 XI.
945 4288 969 4349 5.
987 4285 1039 4340 135
1062 4287 1122 4338 edu.
1141 4284 1185 4351 13)
1207 4303 1265 4354 cep.
1282 4289 1342 4344 vn.
1361 4297 1387 4343 et
1410 4291 1507 4342 firmem

370 4369 511 4434 praecipue
528 4387 582 4421 non
600 4374 777 4438 perspexisse,
806 4387 837 4423 eo
859 4379 983 4439 apparet,
1011 4374 1081 4440 quod
1098 4373 1175 4424 umbo
1202 4371 1246 4437 (cf.
1273 4391 1351 4442 quoq.
1370 4375 1518 4444 srenoet

370 4453 467 4504 hendb.
488 4455 512 4505 d.
531 4456 663 4507 kirchenr.
681 4457 722 4508 ed.
739 4457 781 4508 111
804 4474 829 4523 p.
847 4455 899 4511 9³0
917 4459 977 4510 edn.
995 4457 1032 4525 p.)
1061 4462 1088 4510 in
1111 4458 1162 4511 hoc
1183 4462 1353 4512 conveniunt:
1380 4461 1444 4513 eoird
1459 4461 1507 4512 due

369 4538 662 4608 eipnudumpetteile,eo
675 4541 740 4610 salpi
748 4541 1058 4610 dcspcdronatrccdtdem
1074 4544 1250 4598 astabores
1266 4545 1508 4614 Eiyentituemec

372 4621 540 4708 (commoliti
557 4627 613 4681 dero
630 4627 830 4701 emphyteuta
846 4629 902 4686 und
917 4631 1054 4702 caralim).
