3644 5268
936 657 978 723 76

369 799 520 876 'murtetis
546 816 572 876 et
592 813 647 878 utiu
670 813 787 892 piurima
809 813 907 877 tuerint
929 831 945 877 u
968 813 1102 894 pluribus,
1125 830 1240 894 quorum
1265 815 1318 878 truc
1341 815 1465 879 viaticum
1482 819 1527 880 est

387 915 414 976 et
435 913 507 992 qurud
530 930 615 994 sucre
637 916 786 979 diximus“.

474 1014 506 1080 B.
536 1015 666 1081 ciruitu
693 1018 732 1080 de
754 1018 858 1080 rirmu
880 1017 914 1080 de
936 1017 1049 1082 iurene!
1073 1019 1099 1080 in
1123 1017 1225 1082 Curtut.
1250 1034 1313 1082 rnen
1336 1015 1365 1082 S.
1388 1017 1420 1082 P.
1442 1018 1554 1084 Giuu·.

387 1119 505 1182 cestriae
526 1137 554 1199 p.
581 1116 650 1186 166.

472 1221 623 1301 „Nucerini
644 1223 765 1289 uniuersi
787 1237 922 1305 praesens
944 1223 1075 1303 scriptum
1104 1223 1189 1287 uisuri
1220 1220 1259 1287 uei
1288 1223 1421 1302 audituri,
1455 1224 1525 1304 qurud

387 1340 440 1404 ego
470 1323 630 1405 Stephanus
657 1328 692 1390 de
720 1327 877 1403 Hureirutte‚
910 1343 959 1405 pru
991 1327 1082 1391 sutute
1109 1329 1217 1391 unimus
1245 1344 1322 1390 rneue
1348 1331 1376 1390 et
1402 1330 1524 1392 uruntuur

386 1431 596 1492 autecessorum
619 1431 645 1492 et
667 1445 864 1493 successurum
889 1445 1021 1504 uteorum,
1051 1431 1187 1510 resignavi
1218 1433 1244 1492 et
1265 1429 1386 1508 quietum
1410 1430 1525 1493 clarusci

387 1546 437 1609 pru
460 1546 504 1592 une
526 1537 553 1595 et
575 1549 624 1612 pru
646 1533 791 1595 heredibus
814 1535 892 1610 uteie,
914 1533 1005 1596 cibati
1030 1538 1056 1596 ut
1077 1533 1221 1597 conventui
1239 1532 1416 1611 titucestriue,
1438 1535 1525 1596 tutum

390 1633 435 1694 ius
458 1634 552 1696 itruruc
574 1634 618 1697 vei
640 1635 778 1715 pignoris,
811 1635 883 1712 quud
913 1634 994 1697 hebui
1023 1635 1049 1696 iu
1079 1635 1201 1698 russerie
1227 1650 1280 1697 suu
1308 1635 1343 1696 de
1365 1634 1477 1696 ttureuei
1501 1636 1528 1696 et

388 1736 556 1812 pertiuentiis
579 1737 702 1800 eiusdem
732 1754 794 1801 cuur
823 1739 896 1801 curui
926 1737 1112 1800 ruetturutione
1140 1739 1314 1818 superposite
1335 1739 1362 1799 et
1384 1751 1444 1799 curn
1468 1727 1526 1798 tute

386 1836 580 1914 irubieduturu3
604 1841 641 1901 itu
663 1838 734 1916 quud
757 1855 808 1901 uec
829 1839 966 1918 assignati
990 1838 1031 1901 uel
1049 1843 1210 1900 executores
1233 1839 1283 1900 urei
1306 1839 1410 1900 rationu
1433 1840 1525 1900 ituree

386 1937 427 2000 ret
451 1940 584 2018 pignoris,
607 1940 708 2017 aliquid
731 1941 766 2003 ub
788 1941 891 2003 eisdem
915 1941 1024 2019 exigere
1047 1939 1219 2018 pussiuurs“.

368 2067 371 2072 ·
470 2039 519 2117 „tu
542 2041 621 2104 cuius
645 2043 681 2104 rei
705 2043 901 2120 testimonium,
924 2041 1202 2122 prueseusscripturn
1225 2040 1319 2121 sigilio
1341 2055 1403 2102 ineu
1425 2040 1523 2119 siguu-

386 2145 443 2204 turu
467 2159 522 2206 une
543 2159 604 2206 euru
627 2147 771 2222 scripture,
793 2161 875 2222 uuum
893 2145 927 2206 ue
950 2145 1028 2206 itrmu
1049 2142 1111 2206 dicti
1134 2143 1246 2206 manerii
1264 2157 1350 2222 penes
1373 2157 1417 2204 rue
1434 2141 1525 2218 habui,

384 2243 478 2324 sigilio
499 2260 593 2309 eururu
617 2248 727 2326 signatu
749 2245 852 2309 eisdem
876 2245 999 2309 tradidi‘.
