3644 5268
861 630 899 699 19

304 783 523 866 perspicimus,
545 800 626 864 quae
649 782 698 850 vel
710 782 952 850 eonsuetudines
964 783 1233 872 rectitudinesquo
1245 801 1450 864 personarum

306 887 357 953 vel
381 890 476 968 pacta
498 885 774 966 testamerrtave’⁴)
797 903 867 950 esse
891 890 1032 966 possunt.

391 1005 463 1070 Jam
494 1023 568 1070 vero
600 1003 826 1084 antiquissimis
860 1002 1055 1082 temporibus
1089 1001 1211 1066 firmam
1245 1003 1449 1066 conventione

303 1106 483 1172 mercedem
505 1105 693 1171 locationum
717 1105 1014 1184 concessionumque
1032 1105 1183 1170 similium
1206 1104 1449 1183 constituebant,

304 1207 351 1270 uti
373 1225 412 1270 ex
433 1203 509 1287 dipl.
532 1206 698 1287 Anglosax.
721 1225 749 1269 a.
769 1206 830 1269 775
855 1205 894 1269 de
917 1203 1008 1268 firma
1029 1206 1132 1270 noctis
1156 1223 1241 1285 supr.
1265 1205 1317 1268 all.
1335 1205 1447 1270 eluoet.
1527 1282 1530 1288 Ι

308 1306 399 1384 Quod
420 1307 482 1372 alio
505 1307 600 1376 etiarn
623 1309 787 1373 contractu
809 1304 999 1385 affirmatur,
1023 1325 1117 1388 quem
1139 1307 1222 1370 idem
1246 1307 1299 1372 ille
1321 1307 1451 1372 chrono-

305 1409 441 1490 graphus
474 1408 626 1491 aneas).
672 1409 779 1474 Abbas
812 1408 896 1472 enim
919 1406 1090 1473 (leolredus
1125 1409 1164 1472 de
1193 1407 1451 1472 Medehumstede

304 1531 332 1575 a.
354 1511 417 1576 852
440 1511 602 1578 Wullredo
636 1510 759 1578 cuidam
793 1513 912 1575 terram
935 1510 1095 1592 quandam
1120 1510 1165 1574 ita
1186 1509 1301 1574 locavit
1324 1510 1397 1592 (leot
1419 1523 1450 1573 ro

303 1613 405 1678 harada
427 1615 477 1682 vel
499 1613 621 1698 sellari),
655 1618 692 1679 ut
723 1613 807 1679 iuter
828 1613 935 1696 plures
958 1613 1038 1679 alias
1060 1613 1294 1696 praestationes
1317 1613 1450 1698 singulis

304 1719 396 1783 anuis
429 1717 552 1784 firmam
586 1717 679 1782 unius
714 1717 816 1782 noctis
849 1716 948 1782 daret.
993 1715 1075 1781 Item
1096 1750 1139 1762 -
1160 1721 1197 1780 ut
1223 1717 1288 1782 alia
1308 1717 1451 1783 omittam

304 1821 508 1902 exempla-
535 1823 687 1902 regnante
719 1817 868 1884 Eduardo
901 1816 1054 1884 Aliwinus
1086 1818 1156 1885 abb.
1179 1819 1393 1886 Ramesiensis
1406 1821 1447 1899 ²⁸)

305 1928 423 1988 terram
455 1923 615 2005 quandam
648 1923 688 1986 de
719 1939 876 1986 consensu
908 1925 942 1986 et
968 1938 1101 1986 assensu
1132 1922 1266 1986 fratrum
1300 1921 1450 1987 Godwino

306 2024 430 2089 cuidam
463 2023 618 2090 concessit
649 2024 682 2088 in
715 2023 782 2087 vita
814 2041 873 2086 sua
903 2021 1034 2086 firmarii
1066 2019 1134 2085 viee
1167 2024 1345 2087 tenendam.
1390 2023 1449 2099 Qui

307 2126 436 2206 quidem
459 2125 558 2190 eidem
583 2124 690 2191 abbati
712 2123 824 2190 exinde
849 2128 1028 2204 respectum
1051 2124 1135 2205 quod
1157 2123 1312 2190 Gersume
1335 2125 1453 2205 dicunt

309 2228 392 2292 tanti
413 2228 473 2293 riri
494 2227 604 2292 honori
627 2225 814 2291 conveniens
837 2225 924 2289 dedit
946 2230 978 2289 et
1000 2225 1131 2308 singulis
1154 2227 1244 2290 annis
1268 2227 1307 2292 de
1324 2245 1454 2293 eonsue-

308 2330 417 2396 tudine
428 2328 598 2411 hospitium
610 2333 643 2392 et
663 2333 776 2392 cuncta
798 2326 914 2407 hospiti
936 2328 1124 2406 necessaria,
1147 2326 1273 2392 firmata
1294 2329 1452 2410 utrimque

307 2432 451 2512 pactione
483 2430 672 2512 procuravit.
717 2429 829 2510 Itaque
863 2449 922 2493 vox
955 2427 1063 2492 firmas
1097 2429 1160 2492 iam
1193 2435 1267 2493 ante
1294 2429 1451 2495 Norman-

306 2551 416 2596 uorum
438 2531 632 2596 invasionem
655 2533 705 2612 (ut
727 2549 764 2594 er
787 2530 994 2610 Dorrresdeyb.
1018 2549 1143 2612 quoque
1165 2531 1307 2613 intellegi
1328 2535 1449 2612 potest)
1507 2593 1510 2600 .

307 2634 348 2698 ad
379 2637 480 2698 totam
515 2633 761 2714 eorrduotar·is'²)
795 2631 1004 2697 conditionem
1031 2631 1271 2714 significandam
1302 2637 1455 2714 usurpata

308 2739 367 2814 est,
391 2753 489 2815 quum
511 2735 565 2798 ille
587 2733 757 2799 Godwinus
784 2731 942 2798 firmarius
965 2741 1138 2799 vocaretur.
1182 2734 1261 2800 Inde
1282 2741 1368 2801 reete
1390 2736 1453 2801 ool·
1555 2770 1558 2775 ,

308 2836 362 2917 ligi
385 2836 512 2901 videtur
533 2841 728 2901 contractum
750 2835 790 2899 ad
813 2833 936 2929 firmam
959 2853 996 2900 eo
1019 2841 1160 2916 ternpore
1182 2836 1215 2900 in
1233 2837 1453 2902 essentialibus

309 2939 436 3003 iamiam
464 2935 630 3004 definitum
658 2955 738 3003 esso.
782 2937 851 3002 Hoc
873 2936 1000 3018 quidem
1022 2941 1146 3004 coastat
1167 2943 1263 3020 atque
1285 2938 1454 3020 probatum

377 3216 422 3279 74)
440 3217 556 3268 Firmum
578 3229 683 3281 quoque
710 3215 786 3280 quasi
808 3229 914 3264 eentum
939 3227 1054 3264 annuum
1067 3217 1233 3265 'testamento
1254 3217 1356 3281 imponi
1377 3233 1455 3281 posse

310 3303 418 3367 praedio
441 3300 645 3364 (rent-chugo)
672 3299 796 3364 probatur
815 3299 917 3349 duobus
935 3299 1097 3349 notabilibus
1123 3301 1316 3364 instrumentis,
1345 3318 1455 3367 quarum

310 3403 391 3436 unum
409 3388 435 3436 in
454 3387 534 3438 breve
551 3391 713 3436 contractum
732 3385 819 3436 affert:
848 3384 1010 3434 Thoraius
1032 3400 1102 3437 mon.
1127 3384 1153 3435 S.
1171 3385 1240 3453 Aug.
1260 3387 1384 3438 cantuar.
1412 3389 1457 3444 (da

312 3473 367 3522 reb.
386 3477 453 3538 gast.
471 3472 532 3522 abb.
551 3471 578 3523 8.
597 3472 666 3537 Aug.
685 3470 924 3532 Contemnamus,
951 3469 1082 3534 Twpsden
1101 3471 1118 3520 l.
1137 3487 1159 3520 e.
1178 3487 1203 3536 p.
1222 3467 1292 3524 1776
1310 3490 1333 3524 c.
1351 3474 1368 3524 5
1385 3475 1400 3535 5
1418 3473 1457 3536 2),

310 3557 419 3607 alterum
436 3556 547 3608 Marto.
565 3558 664 3608 Paris
686 3558 732 3608 vit.
749 3557 802 3622 vig.
820 3562 852 3606 tr.
870 3555 931 3605 abb.
949 3572 974 3620 p.
994 3553 1045 3606 158
1062 3555 1176 3616 (addit).

379 3641 423 3706 75)
443 3641 482 3692 Cf.
501 3643 675 3693 Clrronlela
691 3640 935 3707 Anglo-Sexon.
954 3639 975 3688 l.
994 3636 1045 3690 lun
1063 3640 1123 3692 adn.
1151 3642 1209 3692 Hoc
1228 3658 1330 3707 quoque
1339 3643 1456 3708 diploma

314 3744 344 3777 ex
363 3727 505 3792 diplomate
521 3729 580 3793 ipso
598 3736 761 3793 assumptum
779 3732 833 3789 est,
859 3739 945 3790 neque
970 3729 1000 3775 ut
1026 3727 1147 3789 opinatur
1166 3726 1271 3791 Thorpe
1297 3728 1350 3778 ullo
1378 3729 1456 3779 modo

314 3817 462 3877 corruptum
480 3816 527 3862 est
563 3812 603 3864 Gi.
621 3814 746 3866 additam.
764 3813 778 3862 I
795 3829 817 3862 e.

382 3893 427 3955 76)
445 3899 592 3948 Historia
609 3899 837 3950 Ramasiensis
856 3913 879 3946 o.
899 3892 950 3946 118
968 3893 1045 3958 (Gale
1064 3893 1076 3943 1
1095 3913 1119 3959 p.
1138 3889 1209 3946 460·1
1238 3895 1278 3946 Cl.
1298 3912 1375 3964 quoq.
1393 3899 1456 3948 ibid.

314 3999 339 4033 c.
357 3980 390 4033 48
407 4000 432 4048 p.
450 3977 513 4044 4163
540 3999 563 4034 o.
582 3981 616 4036 49
639 4001 665 4050 p.
684 3983 747 4050 ⁴¹73
774 3999 797 4033 e.
815 3979 849 4035 89
870 3997 895 4046 p.
914 3979 973 4032 445.
1011 3979 1051 4032 cf.
1077 3981 1196 4046 Ingulf.
1220 3981 1325 4046 Croyl.
1350 3984 1458 4034 abbat.

313 4067 376 4118 hist.
394 4084 419 4132 p.
438 4064 497 4118 891.

382 4151 426 4216 77)
444 4153 508 4203 Utor
525 4152 550 4202 lr.
569 4152 587 4202 l.
605 4167 683 4204 roes:
702 4150 932 4202 conductionis
951 4156 976 4200 et
994 4150 1173 4202 locationis
1191 4153 1224 4201 ad
1235 4167 1336 4202 ornnem
1352 4154 1457 4204 modum

312 4239 490 4290 concessionis
514 4254 577 4290 rusus
598 4255 644 4304 pro
662 4246 734 4290 oerto
756 4253 837 4288 censu
855 4235 1070 4301 significandum,
1097 4245 1126 4288 ut
1142 4238 1209 4289 haee
1227 4238 1300 4288 firma
1317 4241 1459 4290 conducto-

315 4339 371 4374 rem
390 4325 565 4376 eonventione
582 4323 687 4376 condita
704 4327 852 4390 opponatur
869 4321 959 4370 firmae
977 4321 1111 4372 hominum
1129 4339 1236 4374 suorum
1260 4323 1303 4372 vel
1321 4329 1460 4374 eonsuetu-

314 4408 369 4459 dini
388 4411 514 4476 autiquae
530 4410 573 4460 vel
590 4411 684 4461 reditui
702 4409 805 4460 cuidam
832 4423 849 4456 a
866 4407 973 4471 propria
992 4412 1062 4458 terre
1080 4411 1149 4472 (rent
1166 4409 1273 4473 charge)
1291 4409 1459 4473 praestando,

315 4511 383 4560 quaa
401 4511 491 4547 omnes
509 4495 598 4546 firmas
615 4500 644 4544 ut
659 4493 728 4544 infra
745 4493 882 4559 explicabo
901 4490 946 4555 (ef.
965 4509 1045 4558 quoq.
1064 4510 1127 4559 supr
1145 4495 1206 4546 adu.
1218 4492 1263 4554 74)
1282 4493 1461 4543 eodemmodo

313 4584 340 4632 in
358 4582 468 4647 privatis
485 4585 564 4646 atquo
581 4581 607 4630 in
620 4581 694 4653 {agis
712 4580 791 4632 rebus
809 4580 984 4633 inveniuntur.
