3644 5268
879 617 899 680 5

318 767 492 835 iucundum
514 785 584 833 eam
606 766 770 831 intellectu
796 771 829 831 et
855 785 983 848 morem
1006 785 1076 834 esse
1105 770 1230 850 cognitu
1253 769 1377 836 debere.
1422 767 1465 832 At

319 869 536 936 Panormitam
564 869 675 951 illud⁵)
709 873 741 934 et
768 868 860 934 bodie
894 888 1018 952 quoquc
1040 875 1176 936 constat:
1211 882 1256 934 eur
1279 879 1361 952 (cup.
1384 869 1460 952 Vll)

319 971 471 1038 notabilis
493 993 585 1034 00000
606 982 635 1033 et
656 969 793 1054 quotidie
815 971 979 1056 alloquitur.

403 1073 485 1138 Utra
506 1073 604 1154 igitur
626 1073 805 1154 opinionum
828 1075 1081 1141 illorumreetior
1102 1075 1153 1155 sit,
1176 1075 1356 1158 quibusque
1368 1093 1466 1158 argu-

322 1176 435 1243 mentis
457 1193 550 1256 quem
562 1175 667 1256 pravis
689 1176 857 1242 acmuucis
878 1177 952 1242 illae
967 1178 1126 1260 utrimque
1138 1177 1315 1244 confirmari
1330 1182 1460 1258 coeptae

318 1278 396 1358 siut,
433 1277 553 1342 enixius
591 1277 652 1342 iarn
681 1279 944 1358 perscrutandum
977 1281 1066 1346 uobis
1090 1299 1129 1346 uc
1150 1281 1376 1347 decertandum
1398 1287 1458 1344 est.

320 1379 408 1457 Quod
432 1379 579 1446 iacillime
602 1383 635 1444 et
656 1379 919 1446 confidentissime
947 1383 1096 1465 consequi
1123 1401 1217 1464 posse
1242 1383 1319 1448 milui
1341 1381 1458 1460 videor,

319 1483 346 1548 ai
368 1483 469 1548 locum
506 1483 594 1547 illum
618 1487 699 1564 (cup.
722 1483 809 1568 Vll.)
843 1485 933 1566 quasi
966 1509 1047 1548 κατα
1075 1485 1180 1562 ποδας
1207 1484 1378 1552 tortuosius
1411 1484 1457 1550 ita

323 1586 449 1664 quidem
471 1585 637 1670 minusque
658 1585 757 1655 nitide
779 1586 835 1654 sed
857 1585 960 1668 apitius
983 1593 1068 1654 certe
1090 1590 1137 1656 rei
1159 1589 1329 1672 explicabo.

320 2058 371 2138 110
397 2062 558 2163 personis
583 2068 620 2141 et
645 2063 735 2156 loco,
762 2062 806 2140 de
832 2062 960 2163 quibus
991 2063 1028 2140 iu
1054 2087 1131 2166 cap.
1157 2066 1225 2145 l'll.
1251 2063 1277 2141 1
1309 2061 1353 2140 de
1378 2059 1457 2138 11το

751 2187 845 2285 patr.
872 2183 1003 2285 agitur.

404 2335 451 2402 Ac
472 2337 607 2419 primum
630 2337 756 2420 quidem
778 2338 811 2402 iu
826 2337 951 2404 decreto
973 2338 1027 2406 illo
1050 2339 1242 2422 exponendo,
1264 2337 1304 2403 de
1325 2333 1456 2415 inscrip-

314 2439 413 2520 tione,
435 2439 463 2505 si
483 2440 597 2522 placet.
620 2441 769 2506 nonnulla
791 2440 903 2506 efferre
925 2442 1011 2508 libet.

401 2541 528 2607 Etenim
560 2543 739 2607 Alexander
772 2543 821 2607 111
854 2543 994 2624 pontifex
1027 2544 1148 2610 scribit:
1187 2537 1453 2608 Herlordensi

317 2642 502 2724 episcopo
532 2648 572 2708 et
599 2643 734 2709 abbati
760 2645 805 2710 de
827 2645 959 2711 Forde.
1005 2647 1055 2710 Ita
1087 2645 1224 2725 epistula
1256 2644 1289 2708 in
1310 2640 1453 2723 plurimis

316 2743 474 2808 codicibus
498 2744 750 2826 editionibusque
772 2745 974 2810 decretalium
996 2749 1148 2826 inscripta
1169 2750 1225 2810 ost.
1259 2745 1303 2808 At
1323 2743 1356 2806 iu
1378 2760 1455 2804 non-

315 2843 411 2908 nullis
438 2844 484 2910 sic
505 2844 675 2911 invenitur:
710 2845 749 2910 H.
771 2845 951 2928 Elordeusi‚
984 2849 1016 2914 in
1039 2848 1110 2916 eliis
1131 2843 1164 2912 J.
1187 2846 1226 2911 de
1248 2841 1455 2920 Heriord³⁸).

317 2945 429 3028 Neque
451 2947 581 3025 dubium
603 2951 666 3027 est,
700 2948 775 3029 quin
802 2949 879 3014 illud
902 2950 940 3014 H.
968 2949 1166 3032 Eiordeusi⁸)
1191 2947 1271 3014 nihil
1292 2947 1335 3011 sit
1356 2944 1452 3024 aliud,

317 3065 412 3129 quam
434 3049 622 3115 adiectivum
644 3049 1049 3118 Helordensisdistraetum
1071 3058 1167 3134 atque
1188 3049 1354 3116 diuulsum.
1387 3046 1452 3112 lle·

314 3149 470 3217 fordensis
493 3170 567 3218 vero
595 3152 761 3234 episcopus
793 3154 876 3219 idem
904 3155 1132 3237 intellegendus
1159 3158 1208 3218 est
1235 3157 1330 3232 atque
1352 3150 1452 3214 Herc·

314 3251 484 3333 fordensis
512 3255 688 3323 ordinarius
711 3255 862 3324 dioecesis
885 3257 1025 3322 eiusdem
1047 3257 1196 3335 nominis,
1233 3252 1453 3320 cantuariensi

314 3355 548 3436 archiepiscopo
571 3356 759 3438 suboctae⁷).
796 3356 971 3422 Herelorda
992 3359 1076 3422 enim
1092 3355 1275 3438 primarium
1298 3361 1348 3421 est
1362 3347 1450 3436 oppi-

384 3611 411 3668 5)
430 3611 463 3662 In
482 3611 582 3662 lectura
599 3612 676 3678 insig.
693 3613 727 3663 D.
749 3613 853 3664 abbatis
870 3615 1052 3666 Panormituni
1069 3629 1126 3678 sup.
1151 3613 1226 3662 tertio
1245 3611 1367 3663 decretal.
1393 3626 1452 3661 cum

314 3695 396 3746 casib.
422 3697 550 3748 Bernurdi
576 3701 603 3748 et
632 3713 691 3748 eum
719 3701 865 3750 summariis
891 3699 958 3754 Aen.
985 3702 1019 3750 de
1035 3699 1171 3749 Falconib.
1199 3697 1232 3748 de
1255 3697 1390 3746 1110011000
1417 3694 1451 3744 ad

316 3781 469 3833 eviluit.

384 3867 440 3926 tiu)
458 3868 588 3920 Decretel.
607 3869 750 3936 Gregom.
762 3865 829 3921 1511
848 3868 974 3936 iddpril.
992 3870 1076 3922 Paris.
1094 3886 1153 3936 cap.
1171 3868 1326 3919 Tbielmaun
1344 3866 1452 3916 Keruer.

384 3948 413 4018 u)
430 3953 472 4004 Itu
488 3954 599 4022 legimus
616 3956 644 4004 in
662 3971 745 4021 comp.
762 3953 791 4016 1,
820 3971 898 4020 quom
915 3955 1051 4007 lectionem
1070 3955 1283 4008 Gonualosius
1302 3967 1405 4018 quoque
1422 3951 1450 4000 iu

315 4052 407 4091 comm.
425 4055 495 4104 perp.
513 4041 547 4090 od
565 4057 589 4092 e.
607 4041 658 4093 VII
676 4043 718 4092 eit.
737 4043 861 4108 sequitur.

384 4123 775 4184 0110001100001110000
798 4126 887 4179 histor.
911 4130 1048 4195 compend.
1070 4129 1103 4180 de
1120 4128 1202 4195 regib.
1228 4142 1270 4190 up.
1290 4123 1368 4176 Gale
1385 4123 1446 4174 hist

313 4210 431 4261 Brituun.
450 4211 532 4263 Oxou.
551 4207 617 4264 1691
636 4217 698 4266 tom.
715 4213 730 4263 1
747 4230 772 4279 p.
791 4211 842 4266 560
860 4219 887 4265 et
903 4232 929 4282 p.
942 4212 1006 4268 502:
1028 4219 1055 4266 in
1073 4211 1258 4281 Istresordcam'
1274 4211 1381 4261 liabetur
1398 4208 1450 4273 epi·

316 4311 405 4361 scopum
422 4296 516 4348 liudem
533 4297 665 4349 dimidium
677 4298 786 4365 papium
802 4300 819 4350 1.
841 4316 863 4351 c.
882 4300 988 4354 &hirae
1006 4300 1198 4353 Scrobesburicc
1223 4306 1246 4350 et
1261 4305 1364 4364 purtem
1389 4297 1446 4346 Wu-

312 4381 453 4433 rewr'ecmir
469 4391 493 4433 et
505 4383 682 4434 Gloceetreoso'o
697 4385 828 4450 possideam
845 4387 874 4438 10
882 4389 1034 4450 Hereforde.
1053 4387 1262 4438 oewillialm.
1282 4382 1445 4434 Malmesb.

314 4467 446 4606 mestis
460 4470 554 4607 g5ontif.
566 4470 680 4544 duglas.
698 4489 740 4538 ap.
759 4474 865 4525 Heurie.
885 4475 974 4527 Sevile
991 4492 1077 4527 rerum
1094 4474 1197 4540 Anglio.
1216 4473 1306 4537 script.
1318 4467 1445 4520 Fruukoi.

395 4554 459 4620 'ul
511 4572 567 4621 suu·
