3644 5268
955 667 975 738 l

480 819 524 894 Ut
544 828 679 908 primum
700 829 732 892 in
754 827 855 892 lucem
872 827 950 891 illud
961 826 1086 906 prodiit,
1110 830 1262 906 quantum
1284 825 1529 907 iuspatronatus

396 929 438 993 ad
474 929 724 1010 emphyteutam,
762 928 1042 1006 nsua-actualium,
1081 927 1315 1008 conductorem,
1348 929 1530 994 creditorem

392 1032 632 1111 pignoratieium
654 1028 863 1095 transferatur
889 1029 922 1094 in
944 1047 982 1094 co
1009 1027 1100 1109 quasi
1127 1026 1307 1092 firmissimo
1329 1028 1529 1094 fundamento

396 1132 574 1196 continetur
604 1137 698 1212 atquo
724 1130 884 1196 suffultum
912 1135 970 1195 est.
1026 1129 1100 1210 Cap.
1124 1129 1206 1193 enim
1228 1128 1315 1194 XIII.
1338 1130 1377 1196 X.
1400 1129 1431 1195 h.
1453 1135 1476 1195 t.
1498 1135 1530 1194 et

394 1233 510 1299 XVIII.
532 1234 572 1299 Χ.
596 1233 634 1298 de
656 1236 735 1298 sent
763 1237 795 1298 et
821 1252 856 1299 re
884 1233 948 1299 iud.
977 1231 1085 1298 araxilii
1118 1235 1241 1295 tantum
1274 1237 1371 1314 atque
1397 1231 1529 1298 subsidii

395 1355 490 1403 causa
511 1335 795 1416 assumebantur²),
818 1353 951 1416 quorum
972 1334 1274 1416 unopraescriptum
1296 1340 1353 1414 est,
1376 1339 1413 1398 ut
1428 1333 1530 1399 vosal-

394 1441 444 1504 lus
467 1439 516 1504 ius
537 1442 722 1521 patronatus
745 1438 936 1520 acquireret,
964 1438 1063 1502 altere
1090 1437 1181 1500 valde
1209 1435 1354 1518 ambiguo
1382 1440 1418 1500 ut
1440 1437 1531 1518 quasi

394 1542 427 1606 iu
458 1545 642 1605 transcursu
674 1540 713 1604 de
746 1539 823 1604 iuris
855 1541 940 1606 illius
973 1539 1172 1621 possessione
1206 1538 1427 1604 decertaretur.
1482 1538 1531 1603 Ex

393 1643 528 1723 septimo
549 1643 646 1724 igitur
669 1643 771 1722 eapite
793 1643 935 1723 quaestio
963 1643 1019 1706 illa
1040 1640 1239 1708 diiudicanda
1267 1659 1336 1706 esse
1357 1640 1529 1707 videbatur.

393 1743 512 1808 Verum
544 1744 626 1807 enim
659 1761 733 1807 vero
761 1744 813 1808 uix
845 1742 910 1808 fere
943 1744 1041 1808 ullum
1070 1744 1165 1808 alium
1187 1744 1289 1808 locum
1310 1741 1442 1808 fontium
1465 1747 1530 1807 tam

392 1844 505 1909 leviter
526 1844 722 1925 strictimque
743 1849 970 1926 pertractatum
992 1845 1132 1909 invenias
1154 1845 1359 1924 omnibusque
1381 1841 1531 1909 subsidiis

395 1945 581 2010 destitutum
604 1945 808 2026 purioribus.
867 1945 993 2010 Eteium
1015 1963 1115 2026 usque
1137 1946 1178 2010 ad
1200 1945 1259 2011 hoc
1280 1950 1404 2025 tempus
1426 1946 1530 2010 cuncti

393 2065 493 2126 quum
515 2051 614 2110 totam
637 2047 853 2127 quaestionem
875 2047 948 2110 inde
970 2051 1094 2126 replere
1117 2048 1264 2126 solerent,
1288 2047 1371 2126 quod
1393 2047 1531 2128 pontifex

390 2147 424 2210 in
446 2147 596 2216 decretali
618 2147 672 2210 illo
694 2147 733 2210 de
746 2151 916 2238 patronatu
937 2145 978 2209 ad
995 2143 1166 2211 firmarium
1188 2148 1342 2212 translato
1364 2148 1527 2226 iudicaret,

393 2247 657 2328 quemadmodum
670 2249 803 2328 quisque
814 2246 945 2312 firmarii
966 2247 1015 2310 ius
1033 2252 1206 2311 suamente
1217 2248 1413 2328 percipiebat
1434 2253 1530 2330 atque

391 2349 667 2429 interpretabatur,
690 2367 729 2414 ex
749 2349 885 2430 epistula
905 2349 960 2413 illa
975 2349 1024 2414 uel
1047 2349 1139 2429 plura
1149 2348 1198 2412 vel
1216 2349 1338 2414 minora
1349 2351 1530 2415 conicienda

394 2451 456 2516 sibi
477 2469 548 2516 esse
570 2452 732 2532 putabant.

480 2553 584 2635 Atque
606 2570 644 2617 ex
661 2549 836 2617 Innocentii
857 2552 982 2634 quidem
994 2550 1047 2617 IV.
1057 2551 1082 2635 ⁸)
1105 2557 1245 2633 tempore
1268 2552 1439 2618 communis
1462 2553 1528 2634 opi-

392 2657 445 2720 nio
467 2656 499 2720 in
520 2655 644 2720 illorum
666 2656 822 2720 sententia
844 2673 993 2735 expressa
1014 2661 1109 2735 atque
1131 2652 1235 2719 efficta
1263 2658 1325 2732 est,
1358 2655 1410 2734 qui
1432 2672 1529 2734 quum

384 2756 515 2846 tirrnam
537 2757 708 2822 dominium
731 2758 807 2822 utile
828 2757 1055 2836 intellegerent,
1079 2758 1111 2819 in
1134 2755 1325 2818 canoneVII
1342 2755 1419 2818 nihil
1440 2757 1544 2827 aliud,

393 2862 519 2947 caratam
540 2875 610 2922 esse
632 2858 814 2937 credebant,
847 2877 941 2939 quam
967 2862 1004 2922 ut
1031 2858 1063 2921 in
1085 2873 1171 2936 eum,
1199 2856 1249 2920 cui
1275 2856 1323 2919 ius
1345 2855 1377 2919 in
1398 2874 1433 2920 re
1456 2874 1529 2921 con-

393 2977 516 3023 cessum
539 2963 632 3038 esset,
655 2960 705 3023 ius
727 2963 913 3040 patronatus
935 2956 1168 3022 transferretur.
1206 2955 1273 3021 Nec
1294 2961 1400 3021 tamen
1422 2957 1528 3022 defue-

390 3066 479 3140 runt,
503 3061 557 3141 qui
578 3059 703 3124 illorum
725 3060 900 3140 opinionem
922 3065 1146 3140 repugnarent,
1169 3059 1240 3139 qui,
1270 3063 1305 3123 ut
1326 3061 1390 3123 iam
1411 3059 1527 3139 nobas,

392 3161 565 3226 firmarium
587 3162 807 3227 conductorem
829 3161 1000 3242 quemlibet
1021 3161 1161 3241 intellegi
1187 3161 1311 3226 vellent.
1347 3161 1436 3238 Quod
1458 3164 1527 3242 qui·

391 3263 462 3327 dem
474 3263 618 3344 maxime,
641 3269 678 3327 ut
697 3281 793 3344 supra
809 3263 984 3328 accuratius
1000 3261 1183 3341 videbimus
1207 3262 1416 3329 adoctoribus
1427 3260 1521 3328 fidem

392 3365 635 3444 protestantium
655 3365 806 3447 professis
828 3362 990 3430 defensum
1012 3368 1106 3444 atque
1128 3367 1354 3445 sustentatum,
1376 3384 1414 3429 ex
1436 3370 1524 3446 parte

392 3467 499 3547 aliqua
519 3467 552 3530 in
573 3485 633 3532 usu
654 3486 778 3548 quoque
799 3465 916 3531 forensi
936 3465 1164 3544 versabatur⁴),
1196 3465 1280 3530 unde
1302 3467 1523 3532 Brocardicum

392 3567 483 3645 illud,
511 3568 636 3632 omnino
658 3569 707 3632 ius
729 3573 928 3649 patronatus,
950 3567 1011 3631 nisi
1033 3571 1195 3646 exceptum
1218 3568 1274 3648 sit,
1307 3585 1378 3634 curu
1400 3568 1522 3632 univer·

394 3670 488 3734 sitate
510 3669 656 3734 transire.

481 3769 568 3846 Quae
588 3789 640 3835 res
662 3773 722 3836 etsi
743 3777 853 3836 nostra
879 3775 983 3836 aetate
1009 3771 1072 3834 iarn
1099 3768 1242 3848 plurimis
1264 3765 1385 3849 legibus
1407 3773 1529 3832 statuta

396 3873 436 3936 ad
458 3872 673 3954 liquidumque
684 3874 835 3955 perducta
857 3879 914 3954 est,
937 3879 1049 3952 tornea,
1074 3871 1219 3954 quoniam
1241 3871 1313 3936 illae
1335 3870 1527 3953 adsingulas

395 3991 537 4054 quaeque
560 3979 661 4038 terras
684 3975 802 4055 valent,
835 3975 874 4039 ab
904 3992 963 4038 usu
989 3972 1103 4038 rorensi
1127 3973 1291 4053 causisque
1311 3973 1444 4052 publicis
1466 3990 1528 4035 uon

397 4076 481 4140 omni
502 4094 540 4140 ex
556 4079 645 4156 parte
660 4076 762 4140 aliena
776 4075 990 4141 videturesse.
1022 4075 1066 4138 At
1086 4074 1209 4139 etiamsi
1223 4074 1315 4138 aliter
1336 4091 1372 4139 se
1387 4073 1526 4150 haberet,

394 4177 453 4241 hoc
476 4176 601 4256 quidem
624 4182 743 4242 certum
765 4181 822 4256 est,
844 4179 905 4259 ipsi
926 4176 1136 4258 perscrutanti
1157 4176 1269 4258 cuique
1290 4191 1343 4240 res
1365 4178 1471 4255 gestos
1494 4175 1526 4237 et

463 4428 492 4494 2)
510 4431 550 4482 cf.
567 4431 635 4482 iutra
651 4433 682 4484 N.
700 4431 749 4483 III.

464 4515 492 4582 3)
509 4517 549 4568 ef.
566 4517 634 4568 inira
650 4519 682 4568 N.
699 4518 746 4570 IV.

466 4608 494 4659 dl
513 4606 552 4658 cf.
570 4605 638 4656 inira
655 4621 680 4671 p.
698 4603 745 4656 1v.
