<?xml version="1.0" encoding="UTF-8"?>
<!DOCTYPE html PUBLIC "-//W3C//DTD XHTML 1.0 Transitional//EN"
    "http://www.w3.org/TR/xhtml1/DTD/xhtml1-transitional.dtd">
<html xmlns="http://www.w3.org/1999/xhtml" xml:lang="en" lang="en">
 <head>
  <title>
</title>
<meta http-equiv="Content-Type" content="text/html;charset=utf-8" />
  <meta name='ocr-system' content='tesseract 3.04.00' />
  <meta name='ocr-capabilities' content='ocr_page ocr_carea ocr_par ocr_line ocrx_word'/>
</head>
<body>
  <div class='ocr_page' id='page_1' title='image "./detransferendaa00wachgoog_0046.png"; bbox 0 0 3644 5268; ppageno 0'>
   <div class='ocr_carea' id='block_1_1' title="bbox 459 1107 1260 1211">
    <p class='ocr_par' dir='ltr' id='par_1_1' title="bbox 459 1107 1260 1211">
     <span class='ocr_line' id='line_1_1' title="bbox 459 1107 1260 1211; baseline 0 -25"><span class='ocrx_word' id='word_1_1' title='bbox 459 1107 508 1186; x_wconf 81' lang='lat' dir='ltr'><strong>ue</strong></span> <span class='ocrx_word' id='word_1_2' title='bbox 533 1131 701 1210; x_wconf 82' lang='lat' dir='ltr'><strong>responso</strong></span> <span class='ocrx_word' id='word_1_3' title='bbox 728 1113 765 1186; x_wconf 86' lang='lat' dir='ltr'><strong>et</strong></span> <span class='ocrx_word' id='word_1_4' title='bbox 790 1109 968 1210; x_wconf 75' lang='lat' dir='ltr'><strong>pontificis</strong></span> <span class='ocrx_word' id='word_1_5' title='bbox 993 1109 1260 1211; x_wconf 74' lang='lat' dir='ltr'><strong>disceptatione.</strong></span> 
     </span>
    </p>
   </div>
   <div class='ocr_carea' id='block_1_2' title="bbox 288 1277 1440 4322">
    <p class='ocr_par' dir='ltr' id='par_1_2' title="bbox 295 1277 1434 1464">
     <span class='ocr_line' id='line_1_2' title="bbox 380 1277 1434 1362; baseline -0.003 -18"><span class='ocrx_word' id='word_1_6' title='bbox 380 1278 589 1360; x_wconf 80' lang='lat' dir='ltr'><strong>Aggredimur</strong></span> <span class='ocrx_word' id='word_1_7' title='bbox 609 1297 692 1344; x_wconf 91' lang='lat' dir='ltr'><strong>nunc</strong></span> <span class='ocrx_word' id='word_1_8' title='bbox 713 1278 753 1343; x_wconf 88' lang='lat' dir='ltr'><strong>ad</strong></span> <span class='ocrx_word' id='word_1_9' title='bbox 776 1277 909 1344; x_wconf 83' lang='lat' dir='ltr'><strong>alterurn</strong></span> <span class='ocrx_word' id='word_1_10' title='bbox 924 1281 1098 1360; x_wconf 57' lang='lat' dir='ltr'><strong>pauorem</strong></span> <span class='ocrx_word' id='word_1_11' title='bbox 1121 1280 1275 1362; x_wconf 78' lang='lat' dir='ltr'>epistulae</span> <span class='ocrx_word' id='word_1_12' title='bbox 1297 1283 1434 1361; x_wconf 78' lang='lat' dir='ltr'><strong>partein:</strong></span> 
     </span>
     <span class='ocr_line' id='line_1_3' title="bbox 295 1381 1003 1464; baseline 0.003 -17"><span class='ocrx_word' id='word_1_13' title='bbox 295 1381 450 1464; x_wconf 89' lang='lat' dir='ltr'><strong>pontificis</strong></span> <span class='ocrx_word' id='word_1_14' title='bbox 472 1399 658 1461; x_wconf 89' lang='lat' dir='ltr'><strong>responsum</strong></span> <span class='ocrx_word' id='word_1_15' title='bbox 680 1385 713 1446; x_wconf 90' lang='lat' dir='ltr'><strong>et</strong></span> <span class='ocrx_word' id='word_1_16' title='bbox 734 1381 1003 1463; x_wconf 76' lang='lat' dir='ltr'><strong>disceptationem.</strong></span> 
     </span>
    </p>

    <p class='ocr_par' dir='ltr' id='par_1_3' title="bbox 288 1484 1440 2590">
     <span class='ocr_line' id='line_1_4' title="bbox 378 1484 1435 1567; baseline 0 -17"><span class='ocrx_word' id='word_1_17' title='bbox 378 1484 459 1550; x_wconf 87' lang='lat' dir='ltr'><strong>Nam</strong></span> <span class='ocrx_word' id='word_1_18' title='bbox 480 1485 660 1550; x_wconf 75' lang='lat' dir='ltr'><strong>Alexander</strong></span> <span class='ocrx_word' id='word_1_19' title='bbox 681 1485 791 1550; x_wconf 87' lang='lat' dir='ltr'><strong>scribit</strong></span> <span class='ocrx_word' id='word_1_20' title='bbox 812 1485 966 1552; x_wconf 89' lang='lat' dir='ltr'><strong>iudicibus</strong></span> <span class='ocrx_word' id='word_1_21' title='bbox 989 1485 1150 1567; x_wconf 84' lang='lat' dir='ltr'><strong>delegatis,</strong></span> <span class='ocrx_word' id='word_1_22' title='bbox 1172 1489 1209 1550; x_wconf 92' lang='lat' dir='ltr'><strong>ut</strong></span> <span class='ocrx_word' id='word_1_23' title='bbox 1230 1503 1343 1552; x_wconf 83' lang='lat' dir='ltr'>caussa</span> <span class='ocrx_word' id='word_1_24' title='bbox 1365 1487 1435 1566; x_wconf 84' lang='lat' dir='ltr'><strong>ipse</strong></span> 
     </span>
     <span class='ocr_line' id='line_1_5' title="bbox 295 1586 1434 1669; baseline 0 -17"><span class='ocrx_word' id='word_1_25' title='bbox 295 1588 462 1669; x_wconf 85' lang='lat' dir='ltr'><strong>diligenter</strong></span> <span class='ocrx_word' id='word_1_26' title='bbox 494 1587 669 1667; x_wconf 87' lang='lat' dir='ltr'><strong>perquisita</strong></span> <span class='ocrx_word' id='word_1_27' title='bbox 696 1587 866 1652; x_wconf 87' lang='lat' dir='ltr'><strong>secundum</strong></span> <span class='ocrx_word' id='word_1_28' title='bbox 893 1588 1035 1668; x_wconf 80' lang='lat' dir='ltr'><strong>regulam</strong></span> <span class='ocrx_word' id='word_1_29' title='bbox 1068 1586 1206 1668; x_wconf 82' lang='lat' dir='ltr'><strong>epistula</strong></span> <span class='ocrx_word' id='word_1_30' title='bbox 1237 1587 1434 1668; x_wconf 85' lang='lat' dir='ltr'><strong>praefinitam</strong></span> 
     </span>
     <span class='ocr_line' id='line_1_6' title="bbox 294 1687 1434 1770; baseline -0.002 -16"><span class='ocrx_word' id='word_1_31' title='bbox 294 1689 483 1754; x_wconf 85' lang='lat' dir='ltr'><strong>sententiam</strong></span> <span class='ocrx_word' id='word_1_32' title='bbox 501 1688 648 1754; x_wconf 82' lang='lat' dir='ltr'><strong>dicerent</strong></span> <span class='ocrx_word' id='word_1_33' title='bbox 677 1687 765 1766; x_wconf 87' lang='lat' dir='ltr'><strong>Quae</strong></span> <span class='ocrx_word' id='word_1_34' title='bbox 782 1689 909 1770; x_wconf 87' lang='lat' dir='ltr'><strong>quidem</strong></span> <span class='ocrx_word' id='word_1_35' title='bbox 929 1708 1039 1754; x_wconf 89' lang='lat' dir='ltr'><strong>norma</strong></span> <span class='ocrx_word' id='word_1_36' title='bbox 1054 1689 1105 1753; x_wconf 92' lang='lat' dir='ltr'><strong>his</strong></span> <span class='ocrx_word' id='word_1_37' title='bbox 1121 1687 1225 1753; x_wconf 89' lang='lat' dir='ltr'><strong>verbis</strong></span> <span class='ocrx_word' id='word_1_38' title='bbox 1243 1689 1434 1753; x_wconf 78' lang='lat' dir='ltr'><strong>continetur:</strong></span> 
     </span>
     <span class='ocr_line' id='line_1_7' title="bbox 293 1788 1440 1875; baseline 0 -23"><span class='ocrx_word' id='word_1_39' title='bbox 293 1789 494 1860; x_wconf 70' lang='lat' dir='ltr'><strong>scandamus.</strong></span> <span class='ocrx_word' id='word_1_40' title='bbox 517 1802 679 1874; x_wconf 74' lang='lat' dir='ltr'><strong>quatenus,</strong></span> <span class='ocrx_word' id='word_1_41' title='bbox 703 1790 737 1852; x_wconf 80' lang='lat' dir='ltr'><strong>si</strong></span> <span class='ocrx_word' id='word_1_42' title='bbox 753 1790 841 1854; x_wconf 83' lang='lat' dir='ltr'><strong>vobis</strong></span> <span class='ocrx_word' id='word_1_43' title='bbox 863 1791 1047 1872; x_wconf 72' lang='lat' dir='ltr'><strong>cooetctcrit,</strong></span> <span class='ocrx_word' id='word_1_44' title='bbox 1069 1788 1154 1875; x_wconf 80' lang='lat' dir='ltr'><strong>qaod</strong></span> <span class='ocrx_word' id='word_1_45' title='bbox 1169 1789 1320 1873; x_wconf 84' lang='lat' dir='ltr'><strong>praefato</strong></span> <span class='ocrx_word' id='word_1_46' title='bbox 1342 1791 1440 1852; x_wconf 68' lang='lat' dir='ltr'><strong>mileti</strong></span> 
     </span>
     <span class='ocr_line' id='line_1_8' title="bbox 288 1889 1437 1976; baseline 0 -24"><span class='ocrx_word' id='word_1_47' title='bbox 288 1891 496 1974; x_wconf 81' lang='lat' dir='ltr'><strong>praescripta</strong></span> <span class='ocrx_word' id='word_1_48' title='bbox 517 1891 595 1954; x_wconf 80' lang='lat' dir='ltr'><strong>villa</strong></span> <span class='ocrx_word' id='word_1_49' title='bbox 605 1889 714 1974; x_wconf 83' lang='lat' dir='ltr'><strong>faerit</strong></span> <span class='ocrx_word' id='word_1_50' title='bbox 736 1913 799 1953; x_wconf 79' lang='lat' dir='ltr'><strong>neore</strong></span> <span class='ocrx_word' id='word_1_51' title='bbox 820 1903 946 1976; x_wconf 70' lang='lat' dir='ltr'><strong>eccepto</strong></span> <span class='ocrx_word' id='word_1_52' title='bbox 968 1892 1235 1976; x_wconf 80' lang='lat' dir='ltr'><strong>inrepatroreatus</strong></span> <span class='ocrx_word' id='word_1_53' title='bbox 1251 1889 1296 1952; x_wconf 83' lang='lat' dir='ltr'><strong>ad</strong></span> <span class='ocrx_word' id='word_1_54' title='bbox 1304 1891 1437 1974; x_wconf 82' lang='lat' dir='ltr'><strong>firmam</strong></span> 
     </span>
     <span class='ocr_line' id='line_1_9' title="bbox 296 1990 1438 2075; baseline -0.001 -22"><span class='ocrx_word' id='word_1_55' title='bbox 296 2013 444 2054; x_wconf 80' lang='lat' dir='ltr'><strong>concresse</strong></span> <span class='ocrx_word' id='word_1_56' title='bbox 466 1992 516 2054; x_wconf 85' lang='lat' dir='ltr'><strong>vel</strong></span> <span class='ocrx_word' id='word_1_57' title='bbox 536 2003 701 2075; x_wconf 80' lang='lat' dir='ltr'><strong>antequam</strong></span> <span class='ocrx_word' id='word_1_58' title='bbox 728 1990 766 2054; x_wconf 82' lang='lat' dir='ltr'><strong>de</strong></span> <span class='ocrx_word' id='word_1_59' title='bbox 793 1992 861 2054; x_wconf 80' lang='lat' dir='ltr'><strong>inre</strong></span> <span class='ocrx_word' id='word_1_60' title='bbox 881 2004 1072 2074; x_wconf 75' lang='lat' dir='ltr'><strong>patronatus</strong></span> <span class='ocrx_word' id='word_1_61' title='bbox 1094 1991 1176 2054; x_wconf 81' lang='lat' dir='ltr'><strong>irater</strong></span> <span class='ocrx_word' id='word_1_62' title='bbox 1197 1991 1387 2054; x_wconf 81' lang='lat' dir='ltr'><strong>abbotr&#39;ssam</strong></span> <span class='ocrx_word' id='word_1_63' title='bbox 1409 2004 1438 2053; x_wconf 83' lang='lat' dir='ltr'><strong>et</strong></span> 
     </span>
     <span class='ocr_line' id='line_1_10' title="bbox 296 2092 1438 2180; baseline 0.004 -26"><span class='ocrx_word' id='word_1_64' title='bbox 296 2093 425 2156; x_wconf 72' lang='lat' dir='ltr'><strong>recr&#39;da&#39;tcm</strong></span> <span class='ocrx_word' id='word_1_65' title='bbox 449 2095 661 2158; x_wconf 79' lang='lat' dir='ltr'><strong>controversia</strong></span> <span class='ocrx_word' id='word_1_66' title='bbox 683 2105 762 2157; x_wconf 84' lang='lat' dir='ltr'><strong>essct</strong></span> <span class='ocrx_word' id='word_1_67' title='bbox 783 2093 928 2174; x_wconf 76' lang='lat' dir='ltr'><strong>suborta,</strong></span> <span class='ocrx_word' id='word_1_68' title='bbox 944 2095 1118 2180; x_wconf 69' lang='lat' dir='ltr'><strong>praefatas</strong></span> <span class='ocrx_word' id='word_1_69' title='bbox 1141 2094 1181 2158; x_wconf 79' lang='lat' dir='ltr'><strong>G.</strong></span> <span class='ocrx_word' id='word_1_70' title='bbox 1205 2092 1243 2156; x_wconf 84' lang='lat' dir='ltr'><strong>de</strong></span> <span class='ocrx_word' id='word_1_71' title='bbox 1265 2093 1438 2158; x_wconf 83' lang='lat' dir='ltr'><strong>Lciccstrr&#39;a</strong></span> 
     </span>
     <span class='ocr_line' id='line_1_11' title="bbox 298 2197 1438 2284; baseline 0.002 -24"><span class='ocrx_word' id='word_1_72' title='bbox 298 2197 332 2260; x_wconf 83' lang='lat' dir='ltr'><strong>irc</strong></span> <span class='ocrx_word' id='word_1_73' title='bbox 349 2197 764 2282; x_wconf 78' lang='lat' dir='ltr'><strong>praesers&#39;ptaecclesiaper</strong></span> <span class='ocrx_word' id='word_1_74' title='bbox 776 2197 1011 2282; x_wconf 69' lang='lat' dir='ltr'><strong>eptacepcmad</strong></span> <span class='ocrx_word' id='word_1_75' title='bbox 1025 2198 1311 2284; x_wconf 66' lang='lat' dir='ltr'><strong>praesentationem</strong></span> <span class='ocrx_word' id='word_1_76' title='bbox 1327 2199 1438 2262; x_wconf 73' lang='lat' dir='ltr'><strong>militis</strong></span> 
     </span>
     <span class='ocr_line' id='line_1_12' title="bbox 296 2297 1438 2384; baseline 0.003 -22"><span class='ocrx_word' id='word_1_77' title='bbox 296 2300 457 2362; x_wconf 75' lang='lat' dir='ltr'><strong>nitstr&#39;tctus</strong></span> <span class='ocrx_word' id='word_1_78' title='bbox 479 2297 602 2384; x_wconf 70' lang='lat' dir='ltr'><strong>facesset</strong></span> <span class='ocrx_word' id='word_1_79' title='bbox 638 2301 670 2364; x_wconf 86' lang='lat' dir='ltr'><strong>ec&#39;</strong></span> <span class='ocrx_word' id='word_1_80' title='bbox 702 2299 865 2364; x_wconf 77' lang='lat' dir='ltr'><strong>drerzrrrodo</strong></span> <span class='ocrx_word' id='word_1_81' title='bbox 901 2301 983 2364; x_wconf 83' lang='lat' dir='ltr'><strong>olr&#39;qs</strong></span> <span class='ocrx_word' id='word_1_82' title='bbox 1017 2301 1060 2364; x_wconf 74' lang='lat' dir='ltr'><strong>sit</strong></span> <span class='ocrx_word' id='word_1_83' title='bbox 1093 2299 1222 2364; x_wconf 80' lang='lat' dir='ltr'><strong>iderteas</strong></span> <span class='ocrx_word' id='word_1_84' title='bbox 1250 2301 1438 2366; x_wconf 71' lang='lat' dir='ltr'><strong>adradicete‘s</strong></span> 
     </span>
     <span class='ocr_line' id='line_1_13' title="bbox 296 2401 1439 2486; baseline 0.002 -22"><span class='ocrx_word' id='word_1_85' title='bbox 296 2405 399 2486; x_wconf 71' lang='lat' dir='ltr'><strong>apsaro</strong></span> <span class='ocrx_word' id='word_1_86' title='bbox 421 2403 581 2465; x_wconf 81' lang='lat' dir='ltr'><strong>ecclesiane</strong></span> <span class='ocrx_word' id='word_1_87' title='bbox 604 2403 665 2482; x_wconf 82' lang='lat' dir='ltr'><strong>ita,</strong></span> <span class='ocrx_word' id='word_1_88' title='bbox 689 2401 774 2486; x_wconf 85' lang='lat' dir='ltr'><strong>qaod</strong></span> <span class='ocrx_word' id='word_1_89' title='bbox 794 2404 827 2464; x_wconf 82' lang='lat' dir='ltr'><strong>si</strong></span> <span class='ocrx_word' id='word_1_90' title='bbox 845 2403 1006 2467; x_wconf 80' lang='lat' dir='ltr'><strong>abbatissa</strong></span> <span class='ocrx_word' id='word_1_91' title='bbox 1028 2403 1162 2466; x_wconf 68' lang='lat' dir='ltr'><strong>obctbear</strong></span> <span class='ocrx_word' id='word_1_92' title='bbox 1184 2401 1336 2466; x_wconf 83' lang='lat' dir='ltr'><strong>adversus</strong></span> <span class='ocrx_word' id='word_1_93' title='bbox 1358 2405 1439 2466; x_wconf 75' lang='lat' dir='ltr'><strong>ouili-</strong></span> 
     </span>
     <span class='ocr_line' id='line_1_14' title="bbox 296 2502 1090 2590; baseline 0.006 -26"><span class='ocrx_word' id='word_1_94' title='bbox 296 2517 364 2584; x_wconf 82' lang='lat' dir='ltr'><strong>tcoz,</strong></span> <span class='ocrx_word' id='word_1_95' title='bbox 386 2504 439 2566; x_wconf 80' lang='lat' dir='ltr'><strong>illi</strong></span> <span class='ocrx_word' id='word_1_96' title='bbox 459 2502 496 2567; x_wconf 82' lang='lat' dir='ltr'><strong>de</strong></span> <span class='ocrx_word' id='word_1_97' title='bbox 518 2504 741 2588; x_wconf 72' lang='lat' dir='ltr'><strong>teoproradr&#39;bua</strong></span> <span class='ocrx_word' id='word_1_98' title='bbox 764 2503 870 2568; x_wconf 83' lang='lat' dir='ltr'><strong>debeat</strong></span> <span class='ocrx_word' id='word_1_99' title='bbox 893 2505 1090 2590; x_wconf 82' lang='lat' dir='ltr'><strong>respondere.</strong></span> 
     </span>
    </p>

    <p class='ocr_par' dir='ltr' id='par_1_4' title="bbox 297 2606 1439 3198">
     <span class='ocr_line' id='line_1_15' title="bbox 382 2606 1439 2686; baseline 0.003 -18"><span class='ocrx_word' id='word_1_100' title='bbox 382 2607 484 2686; x_wconf 84' lang='lat' dir='ltr'><strong>Atque</strong></span> <span class='ocrx_word' id='word_1_101' title='bbox 513 2606 700 2686; x_wconf 87' lang='lat' dir='ltr'><strong>rescriptum</strong></span> <span class='ocrx_word' id='word_1_102' title='bbox 728 2606 754 2669; x_wconf 92' lang='lat' dir='ltr'><strong>si</strong></span> <span class='ocrx_word' id='word_1_103' title='bbox 788 2607 908 2672; x_wconf 89' lang='lat' dir='ltr'><strong>intente</strong></span> <span class='ocrx_word' id='word_1_104' title='bbox 941 2609 1189 2686; x_wconf 64' lang='lat' dir='ltr'><strong>consideremus</strong></span> <span class='ocrx_word' id='word_1_105' title='bbox 1226 2626 1283 2671; x_wconf 87' lang='lat' dir='ltr'><strong>uos</strong></span> <span class='ocrx_word' id='word_1_106' title='bbox 1317 2607 1439 2671; x_wconf 70' lang='lat' dir='ltr'><strong>(duabus</strong></span> 
     </span>
     <span class='ocr_line' id='line_1_16' title="bbox 297 2707 1439 2786; baseline -0.001 -14"><span class='ocrx_word' id='word_1_107' title='bbox 297 2709 470 2772; x_wconf 86' lang='lat' dir='ltr'><strong>rationibus</strong></span> <span class='ocrx_word' id='word_1_108' title='bbox 502 2707 700 2786; x_wconf 83' lang='lat' dir='ltr'><strong>interpretari</strong></span> <span class='ocrx_word' id='word_1_109' title='bbox 734 2726 828 2786; x_wconf 83' lang='lat' dir='ltr'><strong>posse</strong></span> <span class='ocrx_word' id='word_1_110' title='bbox 852 2709 1006 2773; x_wconf 83' lang='lat' dir='ltr'><strong>videmus:</strong></span> <span class='ocrx_word' id='word_1_111' title='bbox 1046 2711 1116 2773; x_wconf 88' lang='lat' dir='ltr'><strong>dico</strong></span> <span class='ocrx_word' id='word_1_112' title='bbox 1150 2707 1249 2772; x_wconf 87' lang='lat' dir='ltr'><strong>illud</strong></span> <span class='ocrx_word' id='word_1_113' title='bbox 1281 2708 1341 2769; x_wconf 82' lang='lat' dir='ltr'><strong>ael</strong></span> <span class='ocrx_word' id='word_1_114' title='bbox 1373 2713 1439 2771; x_wconf 74' lang='lat' dir='ltr'><strong>erut</strong></span> 
     </span>
     <span class='ocr_line' id='line_1_17' title="bbox 297 2809 1439 2900; baseline 0.002 -28"><span class='ocrx_word' id='word_1_115' title='bbox 297 2809 579 2900; x_wconf 79' lang='lat' dir='ltr'><strong>disiunctivum</strong></span> <span class='ocrx_word' id='word_1_116' title='bbox 618 2813 686 2872; x_wconf 88' lang='lat' dir='ltr'><strong>aut</strong></span> <span class='ocrx_word' id='word_1_117' title='bbox 718 2809 980 2888; x_wconf 84' lang='lat' dir='ltr'><strong>copulativum</strong></span> <span class='ocrx_word' id='word_1_118' title='bbox 1014 2809 1259 2888; x_wconf 87' lang='lat' dir='ltr'><strong>assumendo;</strong></span> <span class='ocrx_word' id='word_1_119' title='bbox 1304 2815 1338 2874; x_wconf 89' lang='lat' dir='ltr'><strong>at</strong></span> <span class='ocrx_word' id='word_1_120' title='bbox 1376 2829 1439 2874; x_wconf 84' lang='lat' dir='ltr'><strong>una</strong></span> 
     </span>
     <span class='ocr_line' id='line_1_18' title="bbox 299 2910 1438 2998; baseline 0 -22"><span class='ocrx_word' id='word_1_121' title='bbox 299 2911 439 2976; x_wconf 84' lang='lat' dir='ltr'><strong>alterave</strong></span> <span class='ocrx_word' id='word_1_122' title='bbox 472 2911 595 2998; x_wconf 76' lang='lat' dir='ltr'><strong>ratione</strong></span> <span class='ocrx_word' id='word_1_123' title='bbox 628 2910 774 2992; x_wconf 84' lang='lat' dir='ltr'><strong>probata,</strong></span> <span class='ocrx_word' id='word_1_124' title='bbox 803 2919 968 2994; x_wconf 84' lang='lat' dir='ltr'><strong>sequetur,</strong></span> <span class='ocrx_word' id='word_1_125' title='bbox 998 2917 1105 2976; x_wconf 87' lang='lat' dir='ltr'><strong>utrum</strong></span> <span class='ocrx_word' id='word_1_126' title='bbox 1137 2910 1275 2992; x_wconf 85' lang='lat' dir='ltr'><strong>pontifex</strong></span> <span class='ocrx_word' id='word_1_127' title='bbox 1298 2911 1337 2975; x_wconf 91' lang='lat' dir='ltr'><strong>de</strong></span> <span class='ocrx_word' id='word_1_128' title='bbox 1360 2913 1438 2976; x_wconf 86' lang='lat' dir='ltr'><strong>iuris</strong></span> 
     </span>
     <span class='ocr_line' id='line_1_19' title="bbox 297 3012 1435 3095; baseline 0.001 -18"><span class='ocrx_word' id='word_1_129' title='bbox 297 3019 481 3095; x_wconf 87' lang='lat' dir='ltr'><strong>patronatus</strong></span> <span class='ocrx_word' id='word_1_130' title='bbox 493 3013 701 3078; x_wconf 86' lang='lat' dir='ltr'><strong>translatione</strong></span> <span class='ocrx_word' id='word_1_131' title='bbox 714 3012 945 3094; x_wconf 79' lang='lat' dir='ltr'><strong>disceptaverit,</strong></span> <span class='ocrx_word' id='word_1_132' title='bbox 967 3033 1070 3079; x_wconf 87' lang='lat' dir='ltr'><strong>aunon</strong></span> <span class='ocrx_word' id='word_1_133' title='bbox 1089 3013 1320 3094; x_wconf 84' lang='lat' dir='ltr'><strong>disceptaverit.</strong></span> <span class='ocrx_word' id='word_1_134' title='bbox 1345 3012 1435 3089; x_wconf 84' lang='lat' dir='ltr'><strong>Quod</strong></span> 
     </span>
     <span class='ocr_line' id='line_1_20' title="bbox 297 3115 902 3198; baseline -0.008 -18"><span class='ocrx_word' id='word_1_135' title='bbox 297 3135 391 3198; x_wconf 86' lang='lat' dir='ltr'><strong>quom</strong></span> <span class='ocrx_word' id='word_1_136' title='bbox 415 3133 523 3180; x_wconf 88' lang='lat' dir='ltr'><strong>verum</strong></span> <span class='ocrx_word' id='word_1_137' title='bbox 546 3116 602 3196; x_wconf 89' lang='lat' dir='ltr'><strong>sit,</strong></span> <span class='ocrx_word' id='word_1_138' title='bbox 624 3115 707 3180; x_wconf 90' lang='lat' dir='ltr'><strong>illico</strong></span> <span class='ocrx_word' id='word_1_139' title='bbox 729 3117 902 3196; x_wconf 81' lang='lat' dir='ltr'><strong>apparebit.</strong></span> 
     </span>
    </p>

    <p class='ocr_par' dir='ltr' id='par_1_5' title="bbox 296 3216 1438 4322">
     <span class='ocr_line' id='line_1_21' title="bbox 384 3216 1436 3300; baseline -0.001 -17"><span class='ocrx_word' id='word_1_140' title='bbox 384 3217 418 3283; x_wconf 88' lang='lat' dir='ltr'><strong>Si</strong></span> <span class='ocrx_word' id='word_1_141' title='bbox 440 3218 524 3283; x_wconf 86' lang='lat' dir='ltr'><strong>cuinr</strong></span> <span class='ocrx_word' id='word_1_142' title='bbox 546 3217 625 3282; x_wconf 93' lang='lat' dir='ltr'><strong>illud</strong></span> <span class='ocrx_word' id='word_1_143' title='bbox 653 3216 703 3280; x_wconf 79' lang='lat' dir='ltr'><strong>vet</strong></span> <span class='ocrx_word' id='word_1_144' title='bbox 728 3217 949 3284; x_wconf 88' lang='lat' dir='ltr'><strong>disiunctivurn</strong></span> <span class='ocrx_word' id='word_1_145' title='bbox 979 3219 1207 3300; x_wconf 61' lang='lat' dir='ltr'><strong>intellegimus</strong></span> <span class='ocrx_word' id='word_1_146' title='bbox 1245 3237 1326 3298; x_wconf 84' lang='lat' dir='ltr'><strong>papa</strong></span> <span class='ocrx_word' id='word_1_147' title='bbox 1359 3221 1436 3284; x_wconf 67' lang='lat' dir='ltr'><strong>cirrus</strong></span> 
     </span>
     <span class='ocr_line' id='line_1_22' title="bbox 299 3319 1437 3403; baseline -0.002 -17"><span class='ocrx_word' id='word_1_148' title='bbox 299 3323 442 3386; x_wconf 89' lang='lat' dir='ltr'><strong>diversas</strong></span> <span class='ocrx_word' id='word_1_149' title='bbox 464 3338 592 3384; x_wconf 85' lang='lat' dir='ltr'><strong>caussas</strong></span> <span class='ocrx_word' id='word_1_150' title='bbox 615 3319 789 3400; x_wconf 81' lang='lat' dir='ltr'><strong>distinguit,</strong></span> <span class='ocrx_word' id='word_1_151' title='bbox 813 3323 925 3403; x_wconf 88' lang='lat' dir='ltr'><strong>quodsi</strong></span> <span class='ocrx_word' id='word_1_152' title='bbox 947 3320 1205 3402; x_wconf 80' lang='lat' dir='ltr'><strong>copulativunr²⁵)</strong></span> <span class='ocrx_word' id='word_1_153' title='bbox 1222 3322 1437 3402; x_wconf 82' lang='lat' dir='ltr'><strong>perspicimus,</strong></span> 
     </span>
     <span class='ocr_line' id='line_1_23' title="bbox 298 3419 1438 3502; baseline 0 -14"><span class='ocrx_word' id='word_1_154' title='bbox 298 3423 517 3488; x_wconf 84' lang='lat' dir='ltr'><strong>antecedentia</strong></span> <span class='ocrx_word' id='word_1_155' title='bbox 538 3421 571 3483; x_wconf 85' lang='lat' dir='ltr'><strong>si</strong></span> <span class='ocrx_word' id='word_1_156' title='bbox 593 3419 679 3482; x_wconf 82' lang='lat' dir='ltr'><strong>vobis</strong></span> <span class='ocrx_word' id='word_1_157' title='bbox 702 3457 744 3468; x_wconf 90' lang='lat'><em>-</em></span> <span class='ocrx_word' id='word_1_158' title='bbox 767 3443 912 3484; x_wconf 78' lang='lat' dir='ltr'><strong>concessa</strong></span> <span class='ocrx_word' id='word_1_159' title='bbox 935 3428 1058 3486; x_wconf 87' lang='lat' dir='ltr'><strong>tanturn</strong></span> <span class='ocrx_word' id='word_1_160' title='bbox 1084 3422 1321 3502; x_wconf 87' lang='lat' dir='ltr'><strong>insequentibus</strong></span> <span class='ocrx_word' id='word_1_161' title='bbox 1344 3427 1438 3490; x_wconf 88' lang='lat' dir='ltr'><strong>rebus</strong></span> 
     </span>
     <span class='ocr_line' id='line_1_24' title="bbox 296 3521 1438 3604; baseline 0.003 -16"><span class='ocrx_word' id='word_1_162' title='bbox 296 3521 502 3602; x_wconf 88' lang='lat' dir='ltr'><strong>definiuntur,</strong></span> <span class='ocrx_word' id='word_1_163' title='bbox 537 3529 573 3587; x_wconf 94' lang='lat' dir='ltr'><strong>ut</strong></span> <span class='ocrx_word' id='word_1_164' title='bbox 601 3523 717 3587; x_wconf 89' lang='lat' dir='ltr'><strong>decisio</strong></span> <span class='ocrx_word' id='word_1_165' title='bbox 740 3524 811 3604; x_wconf 86' lang='lat' dir='ltr'><strong>ipso</strong></span> <span class='ocrx_word' id='word_1_166' title='bbox 832 3543 913 3588; x_wconf 87' lang='lat' dir='ltr'><strong>vona</strong></span> <span class='ocrx_word' id='word_1_167' title='bbox 941 3525 1139 3602; x_wconf 88' lang='lat' dir='ltr'><strong>redderetur,</strong></span> <span class='ocrx_word' id='word_1_168' title='bbox 1172 3522 1233 3587; x_wconf 89' lang='lat' dir='ltr'><strong>uisi</strong></span> <span class='ocrx_word' id='word_1_169' title='bbox 1255 3530 1329 3590; x_wconf 86' lang='lat' dir='ltr'><strong>ante</strong></span> <span class='ocrx_word' id='word_1_170' title='bbox 1350 3525 1438 3591; x_wconf 86' lang='lat' dir='ltr'><strong>litem</strong></span> 
     </span>
     <span class='ocr_line' id='line_1_25' title="bbox 297 3625 1437 3706; baseline 0.003 -16"><span class='ocrx_word' id='word_1_171' title='bbox 297 3632 397 3690; x_wconf 87' lang='lat' dir='ltr'><strong>ortam</strong></span> <span class='ocrx_word' id='word_1_172' title='bbox 421 3625 553 3690; x_wconf 90' lang='lat' dir='ltr'><strong>clericus</strong></span> <span class='ocrx_word' id='word_1_173' title='bbox 576 3625 740 3690; x_wconf 89' lang='lat' dir='ltr'><strong>institutus</strong></span> <span class='ocrx_word' id='word_1_174' title='bbox 763 3632 856 3691; x_wconf 85' lang='lat' dir='ltr'><strong>esset.</strong></span> <span class='ocrx_word' id='word_1_175' title='bbox 902 3627 989 3691; x_wconf 86' lang='lat' dir='ltr'><strong>Haec</strong></span> <span class='ocrx_word' id='word_1_176' title='bbox 1018 3625 1176 3690; x_wconf 85' lang='lat' dir='ltr'><strong>distinctio</strong></span> <span class='ocrx_word' id='word_1_177' title='bbox 1198 3627 1383 3706; x_wconf 84' lang='lat' dir='ltr'><strong>gravissima</strong></span> <span class='ocrx_word' id='word_1_178' title='bbox 1406 3631 1437 3693; x_wconf 93' lang='lat' dir='ltr'><strong>iu</strong></span> 
     </span>
     <span class='ocr_line' id='line_1_26' title="bbox 297 3728 1437 3810; baseline 0.004 -19"><span class='ocrx_word' id='word_1_179' title='bbox 297 3728 533 3810; x_wconf 88' lang='lat' dir='ltr'><strong>interpretando</strong></span> <span class='ocrx_word' id='word_1_180' title='bbox 556 3745 623 3808; x_wconf 86' lang='lat' dir='ltr'><strong>cap.</strong></span> <span class='ocrx_word' id='word_1_181' title='bbox 635 3728 749 3792; x_wconf 88' lang='lat' dir='ltr'><strong>mirum</strong></span> <span class='ocrx_word' id='word_1_182' title='bbox 772 3735 830 3808; x_wconf 89' lang='lat' dir='ltr'><strong>est,</strong></span> <span class='ocrx_word' id='word_1_183' title='bbox 853 3730 936 3810; x_wconf 90' lang='lat' dir='ltr'><strong>quod</strong></span> <span class='ocrx_word' id='word_1_184' title='bbox 947 3729 1050 3793; x_wconf 89' lang='lat' dir='ltr'><strong>adhue</strong></span> <span class='ocrx_word' id='word_1_185' title='bbox 1062 3747 1168 3792; x_wconf 88' lang='lat' dir='ltr'><strong>onrrres</strong></span> <span class='ocrx_word' id='word_1_186' title='bbox 1179 3734 1437 3794; x_wconf 85' lang='lat' dir='ltr'><strong>commentatores</strong></span> 
     </span>
     <span class='ocr_line' id='line_1_27' title="bbox 299 3828 1437 3910; baseline 0.004 -19"><span class='ocrx_word' id='word_1_187' title='bbox 299 3828 381 3908; x_wconf 83' lang='lat' dir='ltr'><strong>fugit</strong></span> <span class='ocrx_word' id='word_1_188' title='bbox 413 3834 507 3908; x_wconf 89' lang='lat' dir='ltr'><strong>atque</strong></span> <span class='ocrx_word' id='word_1_189' title='bbox 544 3829 615 3893; x_wconf 89' lang='lat' dir='ltr'><strong>ideo</strong></span> <span class='ocrx_word' id='word_1_190' title='bbox 648 3847 756 3893; x_wconf 89' lang='lat' dir='ltr'><strong>ornnes</strong></span> <span class='ocrx_word' id='word_1_191' title='bbox 790 3831 982 3910; x_wconf 77' lang='lat' dir='ltr'><strong>superiorein</strong></span> <span class='ocrx_word' id='word_1_192' title='bbox 1022 3830 1249 3909; x_wconf 84' lang='lat' dir='ltr'><strong>interpretandi</strong></span> <span class='ocrx_word' id='word_1_193' title='bbox 1283 3833 1437 3896; x_wconf 88' lang='lat' dir='ltr'><strong>ratiouenr</strong></span> 
     </span>
     <span class='ocr_line' id='line_1_28' title="bbox 298 3929 1437 4014; baseline 0.004 -21"><span class='ocrx_word' id='word_1_194' title='bbox 298 3929 485 4012; x_wconf 75' lang='lat' dir='ltr'><strong>(velzaut)</strong></span> <span class='ocrx_word' id='word_1_195' title='bbox 508 3932 607 3997; x_wconf 89' lang='lat' dir='ltr'><strong>secuti</strong></span> <span class='ocrx_word' id='word_1_196' title='bbox 629 3937 711 3996; x_wconf 88' lang='lat' dir='ltr'><strong>suut.</strong></span> <span class='ocrx_word' id='word_1_197' title='bbox 758 3929 889 3996; x_wconf 89' lang='lat' dir='ltr'><strong>Glossae</strong></span> <span class='ocrx_word' id='word_1_198' title='bbox 911 3937 1033 4012; x_wconf 87' lang='lat' dir='ltr'><strong>auctor,</strong></span> <span class='ocrx_word' id='word_1_199' title='bbox 1069 3932 1158 4013; x_wconf 90' lang='lat' dir='ltr'><strong>cujus</strong></span> <span class='ocrx_word' id='word_1_200' title='bbox 1187 3933 1276 4012; x_wconf 87' lang='lat' dir='ltr'><strong>quasi</strong></span> <span class='ocrx_word' id='word_1_201' title='bbox 1304 3935 1437 4014; x_wconf 80' lang='lat' dir='ltr'><strong>vestigia</strong></span> 
     </span>
     <span class='ocr_line' id='line_1_29' title="bbox 298 4033 1434 4116; baseline 0 -18"><span class='ocrx_word' id='word_1_202' title='bbox 298 4049 406 4098; x_wconf 90' lang='lat' dir='ltr'><strong>ornnes</strong></span> <span class='ocrx_word' id='word_1_203' title='bbox 429 4033 474 4096; x_wconf 91' lang='lat' dir='ltr'><strong>illi</strong></span> <span class='ocrx_word' id='word_1_204' title='bbox 496 4039 650 4114; x_wconf 82' lang='lat' dir='ltr'><strong>premunt,</strong></span> <span class='ocrx_word' id='word_1_205' title='bbox 672 4035 718 4097; x_wconf 87' lang='lat' dir='ltr'><strong>ita</strong></span> <span class='ocrx_word' id='word_1_206' title='bbox 740 4033 880 4097; x_wconf 91' lang='lat' dir='ltr'><strong>disserit:</strong></span> <span class='ocrx_word' id='word_1_207' title='bbox 904 4033 1032 4096; x_wconf 65' lang='lat' dir='ltr'><strong>orrendar</strong></span> <span class='ocrx_word' id='word_1_208' title='bbox 1054 4034 1132 4116; x_wconf 86' lang='lat' dir='ltr'><strong>(scil.</strong></span> <span class='ocrx_word' id='word_1_209' title='bbox 1147 4045 1245 4113; x_wconf 77' lang='lat' dir='ltr'><strong>pape)</strong></span> <span class='ocrx_word' id='word_1_210' title='bbox 1269 4034 1434 4116; x_wconf 68' lang='lat' dir='ltr'><strong>radicibus,</strong></span> 
     </span>
     <span class='ocr_line' id='line_1_30' title="bbox 298 4133 1436 4220; baseline 0.002 -22"><span class='ocrx_word' id='word_1_211' title='bbox 298 4146 449 4218; x_wconf 78' lang='lat' dir='ltr'><strong>quatenus</strong></span> <span class='ocrx_word' id='word_1_212' title='bbox 471 4135 503 4197; x_wconf 81' lang='lat' dir='ltr'><strong>si</strong></span> <span class='ocrx_word' id='word_1_213' title='bbox 521 4136 707 4215; x_wconf 68' lang='lat' dir='ltr'><strong>core-stiterit,</strong></span> <span class='ocrx_word' id='word_1_214' title='bbox 731 4133 816 4219; x_wconf 80' lang='lat' dir='ltr'><strong>qaod</strong></span> <span class='ocrx_word' id='word_1_215' title='bbox 829 4134 996 4219; x_wconf 77' lang='lat' dir='ltr'><strong>praedicto</strong></span> <span class='ocrx_word' id='word_1_216' title='bbox 1019 4135 1117 4198; x_wconf 73' lang='lat' dir='ltr'><strong>milio·</strong></span> <span class='ocrx_word' id='word_1_217' title='bbox 1142 4135 1220 4198; x_wconf 81' lang='lat' dir='ltr'><strong>cillo</strong></span> <span class='ocrx_word' id='word_1_218' title='bbox 1237 4136 1345 4220; x_wconf 69' lang='lat' dir='ltr'><strong>fuerat</strong></span> <span class='ocrx_word' id='word_1_219' title='bbox 1368 4161 1436 4201; x_wconf 72' lang='lat' dir='ltr'><strong>corr-</strong></span> 
     </span>
     <span class='ocr_line' id='line_1_31' title="bbox 297 4237 1433 4322; baseline 0.004 -25"><span class='ocrx_word' id='word_1_220' title='bbox 297 4258 386 4298; x_wconf 82' lang='lat' dir='ltr'><strong>cessa</strong></span> <span class='ocrx_word' id='word_1_221' title='bbox 418 4260 479 4299; x_wconf 80' lang='lat' dir='ltr'><strong>raone</strong></span> <span class='ocrx_word' id='word_1_222' title='bbox 511 4251 634 4322; x_wconf 71' lang='lat' dir='ltr'><strong>eccepto</strong></span> <span class='ocrx_word' id='word_1_223' title='bbox 667 4238 735 4301; x_wconf 81' lang='lat' dir='ltr'><strong>iure</strong></span> <span class='ocrx_word' id='word_1_224' title='bbox 754 4249 953 4321; x_wconf 79' lang='lat' dir='ltr'><strong>patronatus.</strong></span> <span class='ocrx_word' id='word_1_225' title='bbox 982 4240 1041 4302; x_wconf 80' lang='lat' dir='ltr'><strong>ved</strong></span> <span class='ocrx_word' id='word_1_226' title='bbox 1062 4239 1176 4301; x_wconf 78' lang='lat' dir='ltr'><strong>etiarn</strong></span> <span class='ocrx_word' id='word_1_227' title='bbox 1198 4237 1232 4299; x_wconf 67' lang='grc' dir='ltr'><strong>εἰ</strong></span> <span class='ocrx_word' id='word_1_228' title='bbox 1250 4240 1433 4321; x_wconf 75' lang='lat' dir='ltr'><strong>constiterit,</strong></span> 
     </span>
    </p>
   </div>
   <div class='ocr_carea' id='block_1_3' title="bbox 296 4492 1428 4710">
    <p class='ocr_par' dir='ltr' id='par_1_6' title="bbox 296 4492 1428 4710">
     <span class='ocr_line' id='line_1_32' title="bbox 365 4492 1428 4564; baseline 0.003 -19"><span class='ocrx_word' id='word_1_229' title='bbox 365 4492 411 4560; x_wconf 72' lang='lat'><strong>25)</strong></span> <span class='ocrx_word' id='word_1_230' title='bbox 429 4497 488 4547; x_wconf 78' lang='lat' dir='ltr'><strong>Idae</strong></span> <span class='ocrx_word' id='word_1_231' title='bbox 505 4497 605 4548; x_wconf 86' lang='lat' dir='ltr'><strong>ratione</strong></span> <span class='ocrx_word' id='word_1_232' title='bbox 622 4497 828 4548; x_wconf 81' lang='lat' dir='ltr'><strong>transferendum</strong></span> <span class='ocrx_word' id='word_1_233' title='bbox 847 4503 927 4549; x_wconf 85' lang='lat' dir='ltr'><strong>esset:</strong></span> <span class='ocrx_word' id='word_1_234' title='bbox 957 4497 1009 4548; x_wconf 88' lang='lat' dir='ltr'><strong>und</strong></span> <span class='ocrx_word' id='word_1_235' title='bbox 1026 4495 1190 4559; x_wconf 86' lang='lat' dir='ltr'><strong>uussardeur,</strong></span> <span class='ocrx_word' id='word_1_236' title='bbox 1221 4498 1273 4548; x_wconf 87' lang='lat' dir='ltr'><strong>und</strong></span> <span class='ocrx_word' id='word_1_237' title='bbox 1292 4514 1370 4564; x_wconf 85' lang='lat' dir='ltr'><strong>sogar</strong></span> <span class='ocrx_word' id='word_1_238' title='bbox 1391 4503 1428 4556; x_wconf 80' lang='lat' dir='ltr'><strong>(et</strong></span> 
     </span>
     <span class='ocr_line' id='line_1_33' title="bbox 296 4580 1229 4710; baseline 0 -78"><span class='ocrx_word' id='word_1_239' title='bbox 296 4580 397 4644; x_wconf 78' lang='lat' dir='ltr'><strong>eoam).</strong></span> <span class='ocrx_word' id='word_1_240' title='bbox 1210 4647 1229 4710; x_wconf 71' lang='lat'><strong>3</strong></span> 
     </span>
    </p>
   </div>
   <div class='ocr_carea' id='block_1_4' title="bbox 0 0 1828 5268">
    <p class='ocr_par' dir='ltr' id='par_1_7' title="bbox 0 0 1828 5268">
     <span class='ocr_line' id='line_1_34' title="bbox 0 0 1828 5268; baseline 0 0"><span class='ocrx_word' id='word_1_241' title='bbox 0 0 1828 5268; x_wconf 95' lang='lat' dir='ltr'><strong> </strong></span> 
     </span>
    </p>
   </div>
  </div>
 </body>
</html>
