<?xml version="1.0" encoding="UTF-8"?>
<!DOCTYPE html PUBLIC "-//W3C//DTD XHTML 1.0 Transitional//EN"
    "http://www.w3.org/TR/xhtml1/DTD/xhtml1-transitional.dtd">
<html xmlns="http://www.w3.org/1999/xhtml" xml:lang="en" lang="en">
 <head>
  <title>
</title>
<meta http-equiv="Content-Type" content="text/html;charset=utf-8" />
  <meta name='ocr-system' content='tesseract 3.04.00' />
  <meta name='ocr-capabilities' content='ocr_page ocr_carea ocr_par ocr_line ocrx_word'/>
</head>
<body>
  <div class='ocr_page' id='page_1' title='image "./detransferendaa00wachgoog_0080.png"; bbox 0 0 3644 5268; ppageno 0'>
   <div class='ocr_carea' id='block_1_1' title="bbox 839 648 880 714">
    <p class='ocr_par' dir='ltr' id='par_1_1' title="bbox 839 648 880 714">
     <span class='ocr_line' id='line_1_1' title="bbox 839 648 880 714; baseline -0.024 0"><span class='ocrx_word' id='word_1_1' title='bbox 839 648 880 714; x_wconf 82' lang='grc'><strong>67</strong></span> 
     </span>
    </p>
   </div>
   <div class='ocr_carea' id='block_1_2' title="bbox 290 817 1438 1524">
    <p class='ocr_par' dir='ltr' id='par_1_2' title="bbox 290 817 1438 1524">
     <span class='ocr_line' id='line_1_2' title="bbox 291 817 1436 907; baseline 0.003 -19"><span class='ocrx_word' id='word_1_2' title='bbox 291 817 433 905; x_wconf 85' lang='lat' dir='ltr'><strong>lsoist⁸¹)</strong></span> <span class='ocrx_word' id='word_1_3' title='bbox 445 837 549 903; x_wconf 92' lang='lat' dir='ltr'><strong>neque</strong></span> <span class='ocrx_word' id='word_1_4' title='bbox 559 818 645 886; x_wconf 87' lang='lat' dir='ltr'><strong>ultra</strong></span> <span class='ocrx_word' id='word_1_5' title='bbox 665 817 793 886; x_wconf 92' lang='lat' dir='ltr'><strong>modum</strong></span> <span class='ocrx_word' id='word_1_6' title='bbox 804 817 933 887; x_wconf 86' lang='lat' dir='ltr'><strong>arbores</strong></span> <span class='ocrx_word' id='word_1_7' title='bbox 948 820 1146 907; x_wconf 77' lang='lat' dir='ltr'><strong>suecidat⁸³)‚</strong></span> <span class='ocrx_word' id='word_1_8' title='bbox 1168 840 1270 905; x_wconf 86' lang='lat' dir='ltr'><strong>nuque</strong></span> <span class='ocrx_word' id='word_1_9' title='bbox 1291 821 1436 891; x_wconf 87' lang='lat' dir='ltr'><strong>homines</strong></span> 
     </span>
     <span class='ocr_line' id='line_1_3' title="bbox 290 922 1437 1004; baseline 0.002 -12"><span class='ocrx_word' id='word_1_10' title='bbox 290 925 494 992; x_wconf 73' lang='lat' dir='ltr'><strong>manumittat</strong></span> <span class='ocrx_word' id='word_1_11' title='bbox 505 923 606 990; x_wconf 86' lang='lat' dir='ltr'><strong>aliave</strong></span> <span class='ocrx_word' id='word_1_12' title='bbox 621 922 654 988; x_wconf 93' lang='lat' dir='ltr'><strong>in</strong></span> <span class='ocrx_word' id='word_1_13' title='bbox 665 922 813 989; x_wconf 86' lang='lat' dir='ltr'><strong>damnum</strong></span> <span class='ocrx_word' id='word_1_14' title='bbox 825 925 957 990; x_wconf 88' lang='lat' dir='ltr'><strong>manerii</strong></span> <span class='ocrx_word' id='word_1_15' title='bbox 969 926 1152 992; x_wconf 76' lang='lat' dir='ltr'><strong>committat</strong></span> <span class='ocrx_word' id='word_1_16' title='bbox 1181 925 1384 1004; x_wconf 85' lang='lat' dir='ltr'><strong>Quaeomnia</strong></span> <span class='ocrx_word' id='word_1_17' title='bbox 1403 928 1437 994; x_wconf 94' lang='lat' dir='ltr'><strong>in</strong></span> 
     </span>
     <span class='ocr_line' id='line_1_4' title="bbox 290 1026 1437 1110; baseline 0.003 -16"><span class='ocrx_word' id='word_1_18' title='bbox 290 1027 481 1096; x_wconf 82' lang='lat' dir='ltr'><strong>barenorum</strong></span> <span class='ocrx_word' id='word_1_19' title='bbox 496 1026 701 1110; x_wconf 72' lang='lat' dir='ltr'><strong>providentiis</strong></span> <span class='ocrx_word' id='word_1_20' title='bbox 718 1045 746 1093; x_wconf 86' lang='lat' dir='ltr'><strong>a</strong></span> <span class='ocrx_word' id='word_1_21' title='bbox 767 1026 848 1094; x_wconf 83' lang='lat'><strong>1259</strong></span> <span class='ocrx_word' id='word_1_22' title='bbox 861 1066 900 1078; x_wconf 92' lang='lat'>-</span> <span class='ocrx_word' id='word_1_23' title='bbox 916 1027 991 1096; x_wconf 81' lang='lat' dir='ltr'><strong>deet</strong></span> <span class='ocrx_word' id='word_1_24' title='bbox 1011 1029 1209 1096; x_wconf 86' lang='lat' dir='ltr'><strong>iamdudum</strong></span> <span class='ocrx_word' id='word_1_25' title='bbox 1230 1029 1373 1097; x_wconf 86' lang='lat' dir='ltr'><strong>valerent</strong></span> <span class='ocrx_word' id='word_1_26' title='bbox 1394 1067 1437 1081; x_wconf 98' lang='lat'>-</span> 
     </span>
     <span class='ocr_line' id='line_1_5' title="bbox 290 1129 1437 1216; baseline 0 -19"><span class='ocrx_word' id='word_1_27' title='bbox 290 1131 372 1198; x_wconf 84' lang='lat' dir='ltr'><strong>bens</strong></span> <span class='ocrx_word' id='word_1_28' title='bbox 394 1131 566 1198; x_wconf 75' lang='lat' dir='ltr'><strong>constituta</strong></span> <span class='ocrx_word' id='word_1_29' title='bbox 587 1134 662 1196; x_wconf 87' lang='lat' dir='ltr'><strong>sunt</strong></span> <span class='ocrx_word' id='word_1_30' title='bbox 683 1129 791 1208; x_wconf 77' lang='lat' dir='ltr'><strong>ita“):</strong></span> <span class='ocrx_word' id='word_1_31' title='bbox 806 1152 932 1215; x_wconf 81' lang='lat' dir='ltr'><strong>parone</strong></span> <span class='ocrx_word' id='word_1_32' title='bbox 954 1141 1000 1195; x_wconf 84' lang='lat' dir='ltr'><strong>est</strong></span> <span class='ocrx_word' id='word_1_33' title='bbox 1016 1129 1124 1196; x_wconf 65' lang='lat' dir='ltr'><strong>kanni</strong></span> <span class='ocrx_word' id='word_1_34' title='bbox 1133 1130 1260 1216; x_wconf 80' lang='lat' dir='ltr'><strong>former</strong></span> <span class='ocrx_word' id='word_1_35' title='bbox 1282 1133 1437 1196; x_wconf 83' lang='lat' dir='ltr'><strong>enletens</strong></span> 
     </span>
     <span class='ocr_line' id='line_1_6' title="bbox 293 1230 1438 1320; baseline 0.001 -22"><span class='ocrx_word' id='word_1_36' title='bbox 293 1232 331 1298; x_wconf 70' lang='lat' dir='ltr'><strong>de</strong></span> <span class='ocrx_word' id='word_1_37' title='bbox 353 1233 405 1298; x_wconf 87' lang='lat' dir='ltr'><strong>lnr</strong></span> <span class='ocrx_word' id='word_1_38' title='bbox 416 1233 524 1319; x_wconf 78' lang='lat' dir='ltr'><strong>senno</strong></span> <span class='ocrx_word' id='word_1_39' title='bbox 544 1254 583 1296; x_wconf 80' lang='lat' dir='ltr'><strong>ns</strong></span> <span class='ocrx_word' id='word_1_40' title='bbox 593 1231 708 1316; x_wconf 79' lang='lat' dir='ltr'><strong>sonent</strong></span> <span class='ocrx_word' id='word_1_41' title='bbox 729 1242 799 1294; x_wconf 85' lang='lat' dir='ltr'><strong>vent</strong></span> <span class='ocrx_word' id='word_1_42' title='bbox 819 1253 858 1296; x_wconf 86' lang='lat' dir='ltr'><strong>ne</strong></span> <span class='ocrx_word' id='word_1_43' title='bbox 879 1232 946 1296; x_wconf 73' lang='lat' dir='ltr'><strong>omri</strong></span> <span class='ocrx_word' id='word_1_44' title='bbox 967 1230 1004 1296; x_wconf 75' lang='lat' dir='ltr'><strong>de</strong></span> <span class='ocrx_word' id='word_1_45' title='bbox 1026 1232 1116 1320; x_wconf 82' lang='lat' dir='ltr'><strong>boys,</strong></span> <span class='ocrx_word' id='word_1_46' title='bbox 1139 1256 1297 1316; x_wconf 76' lang='lat' dir='ltr'><strong>meseum,</strong></span> <span class='ocrx_word' id='word_1_47' title='bbox 1319 1233 1438 1318; x_wconf 77' lang='lat' dir='ltr'><strong>domes,</strong></span> 
     </span>
     <span class='ocr_line' id='line_1_7' title="bbox 291 1333 1435 1422; baseline 0.001 -22"><span class='ocrx_word' id='word_1_48' title='bbox 291 1358 329 1400; x_wconf 81' lang='lat' dir='ltr'><strong>na</strong></span> <span class='ocrx_word' id='word_1_49' title='bbox 351 1335 390 1400; x_wconf 84' lang='lat' dir='ltr'><strong>de</strong></span> <span class='ocrx_word' id='word_1_50' title='bbox 411 1347 500 1400; x_wconf 81' lang='lat' dir='ltr'><strong>antro</strong></span> <span class='ocrx_word' id='word_1_51' title='bbox 522 1333 611 1398; x_wconf 73' lang='grc' dir='ltr'><em>οΙιοεε</em></span> <span class='ocrx_word' id='word_1_52' title='bbox 632 1333 670 1398; x_wconf 81' lang='lat' dir='ltr'><strong>ke</strong></span> <span class='ocrx_word' id='word_1_53' title='bbox 692 1333 726 1397; x_wconf 82' lang='lat' dir='ltr'><strong>al</strong></span> <span class='ocrx_word' id='word_1_54' title='bbox 746 1344 910 1411; x_wconf 74' lang='lat' dir='ltr'><strong>insonent,</strong></span> <span class='ocrx_word' id='word_1_55' title='bbox 933 1333 971 1398; x_wconf 81' lang='lat' dir='ltr'><strong>ke</strong></span> <span class='ocrx_word' id='word_1_56' title='bbox 992 1333 1019 1396; x_wconf 83' lang='lat' dir='ltr'><strong>il</strong></span> <span class='ocrx_word' id='word_1_57' title='bbox 1038 1345 1094 1397; x_wconf 88' lang='lat' dir='ltr'><strong>nnt</strong></span> <span class='ocrx_word' id='word_1_58' title='bbox 1115 1358 1136 1398; x_wconf 88' lang='lat' dir='ltr'><strong>o</strong></span> <span class='ocrx_word' id='word_1_59' title='bbox 1153 1333 1271 1418; x_wconf 82' lang='lat' dir='ltr'><strong>ferme,</strong></span> <span class='ocrx_word' id='word_1_60' title='bbox 1305 1335 1435 1422; x_wconf 81' lang='lat' dir='ltr'><strong>opende,</strong></span> 
     </span>
     <span class='ocr_line' id='line_1_8' title="bbox 292 1434 1436 1524; baseline 0.002 -22"><span class='ocrx_word' id='word_1_61' title='bbox 292 1438 325 1502; x_wconf 87' lang='lat' dir='ltr'><strong>si</strong></span> <span class='ocrx_word' id='word_1_62' title='bbox 342 1438 370 1502; x_wconf 80' lang='lat' dir='ltr'><strong>il</strong></span> <span class='ocrx_word' id='word_1_63' title='bbox 388 1460 426 1502; x_wconf 83' lang='lat' dir='ltr'><strong>ns</strong></span> <span class='ocrx_word' id='word_1_64' title='bbox 447 1437 528 1501; x_wconf 81' lang='lat' dir='ltr'><strong>es&#39;ent</strong></span> <span class='ocrx_word' id='word_1_65' title='bbox 550 1436 687 1522; x_wconf 62' lang='lat' dir='ltr'><strong>arpenn</strong></span> <span class='ocrx_word' id='word_1_66' title='bbox 707 1435 801 1499; x_wconf 83' lang='lat' dir='ltr'><strong>escrit</strong></span> <span class='ocrx_word' id='word_1_67' title='bbox 822 1434 860 1499; x_wconf 81' lang='lat' dir='ltr'><strong>ke</strong></span> <span class='ocrx_word' id='word_1_68' title='bbox 881 1437 1017 1499; x_wconf 79' lang='lat' dir='ltr'><strong>mention</strong></span> <span class='ocrx_word' id='word_1_69' title='bbox 1031 1434 1108 1520; x_wconf 84' lang='lat' dir='ltr'><strong>face</strong></span> <span class='ocrx_word' id='word_1_70' title='bbox 1129 1435 1167 1500; x_wconf 85' lang='lat' dir='ltr'><strong>ke</strong></span> <span class='ocrx_word' id='word_1_71' title='bbox 1188 1438 1359 1524; x_wconf 71' lang='lat' dir='ltr'><strong>ilprassent</strong></span> <span class='ocrx_word' id='word_1_72' title='bbox 1374 1439 1436 1504; x_wconf 76' lang='lat' dir='ltr'><strong>cela</strong></span> 
     </span>
    </p>
   </div>
   <div class='ocr_carea' id='block_1_3' title="bbox 289 1538 1438 2136">
    <p class='ocr_par' dir='ltr' id='par_1_3' title="bbox 289 1538 1438 2136">
     <span class='ocr_line' id='line_1_9' title="bbox 290 1538 1436 1626; baseline 0.003 -20"><span class='ocrx_word' id='word_1_73' title='bbox 290 1552 360 1606; x_wconf 84' lang='lat' dir='ltr'><strong>nent</strong></span> <span class='ocrx_word' id='word_1_74' title='bbox 375 1539 462 1626; x_wconf 83' lang='lat' dir='ltr'><strong>fere.</strong></span> <span class='ocrx_word' id='word_1_75' title='bbox 506 1540 600 1624; x_wconf 82' lang='lat' dir='ltr'><strong>Ergo,</strong></span> <span class='ocrx_word' id='word_1_76' title='bbox 627 1539 689 1606; x_wconf 90' lang='lat' dir='ltr'><strong>nisi</strong></span> <span class='ocrx_word' id='word_1_77' title='bbox 710 1538 743 1604; x_wconf 91' lang='lat' dir='ltr'><strong>in</strong></span> <span class='ocrx_word' id='word_1_78' title='bbox 765 1539 970 1606; x_wconf 81' lang='lat' dir='ltr'><strong>conventione</strong></span> <span class='ocrx_word' id='word_1_79' title='bbox 993 1539 1195 1622; x_wconf 85' lang='lat' dir='ltr'><strong>concedatur,</strong></span> <span class='ocrx_word' id='word_1_80' title='bbox 1226 1541 1364 1609; x_wconf 91' lang='lat' dir='ltr'><strong>firmario</strong></span> <span class='ocrx_word' id='word_1_81' title='bbox 1386 1544 1436 1610; x_wconf 88' lang='lat' dir='ltr'><strong>ius</strong></span> 
     </span>
     <span class='ocr_line' id='line_1_10' title="bbox 290 1640 1436 1730; baseline 0.002 -20"><span class='ocrx_word' id='word_1_82' title='bbox 290 1644 445 1712; x_wconf 87' lang='lat' dir='ltr'><strong>vendendi</strong></span> <span class='ocrx_word' id='word_1_83' title='bbox 465 1663 528 1710; x_wconf 92' lang='lat' dir='ltr'><strong>non</strong></span> <span class='ocrx_word' id='word_1_84' title='bbox 550 1643 706 1726; x_wconf 86' lang='lat' dir='ltr'><strong>competit</strong></span> <span class='ocrx_word' id='word_1_85' title='bbox 735 1640 799 1708; x_wconf 88' lang='lat' dir='ltr'><strong>Sed</strong></span> <span class='ocrx_word' id='word_1_86' title='bbox 819 1647 924 1724; x_wconf 91' lang='lat' dir='ltr'><strong>potest</strong></span> <span class='ocrx_word' id='word_1_87' title='bbox 946 1643 1081 1709; x_wconf 88' lang='lat' dir='ltr'><strong>oonoedi.</strong></span> <span class='ocrx_word' id='word_1_88' title='bbox 1109 1643 1199 1722; x_wconf 86' lang='lat' dir='ltr'><strong>Quod</strong></span> <span class='ocrx_word' id='word_1_89' title='bbox 1221 1646 1347 1728; x_wconf 89' lang='lat' dir='ltr'><strong>quidem</strong></span> <span class='ocrx_word' id='word_1_90' title='bbox 1365 1665 1436 1730; x_wconf 79' lang='lat' dir='ltr'><strong>gre·</strong></span> 
     </span>
     <span class='ocr_line' id='line_1_11' title="bbox 290 1744 1436 1827; baseline -0.001 -14"><span class='ocrx_word' id='word_1_91' title='bbox 290 1747 453 1813; x_wconf 81' lang='lat' dir='ltr'><strong>vissimum</strong></span> <span class='ocrx_word' id='word_1_92' title='bbox 475 1751 526 1813; x_wconf 92' lang='lat' dir='ltr'><strong>est</strong></span> <span class='ocrx_word' id='word_1_93' title='bbox 552 1745 593 1810; x_wconf 88' lang='lat' dir='ltr'><strong>sd</strong></span> <span class='ocrx_word' id='word_1_94' title='bbox 622 1745 779 1827; x_wconf 78' lang='lat' dir='ltr'><strong>propriam</strong></span> <span class='ocrx_word' id='word_1_95' title='bbox 806 1745 1059 1827; x_wconf 80' lang='lat' dir='ltr'><strong>peculiaremque</strong></span> <span class='ocrx_word' id='word_1_96' title='bbox 1085 1744 1193 1812; x_wconf 83' lang='lat' dir='ltr'><strong>firmae</strong></span> <span class='ocrx_word' id='word_1_97' title='bbox 1221 1753 1366 1813; x_wconf 87' lang='lat' dir='ltr'><strong>naturam</strong></span> <span class='ocrx_word' id='word_1_98' title='bbox 1388 1749 1436 1813; x_wconf 93' lang='lat' dir='ltr'><strong>in-</strong></span> 
     </span>
     <span class='ocr_line' id='line_1_12' title="bbox 290 1845 1438 1932; baseline 0 -17"><span class='ocrx_word' id='word_1_99' title='bbox 290 1849 510 1932; x_wconf 81' lang='lat' dir='ltr'><strong>tellegendam.</strong></span> <span class='ocrx_word' id='word_1_100' title='bbox 547 1883 583 1895; x_wconf 94' lang='lat'><em>-</em></span> <span class='ocrx_word' id='word_1_101' title='bbox 620 1845 675 1912; x_wconf 89' lang='lat' dir='ltr'><strong>Sin</strong></span> <span class='ocrx_word' id='word_1_102' title='bbox 698 1851 802 1912; x_wconf 87' lang='lat' dir='ltr'><strong>autem</strong></span> <span class='ocrx_word' id='word_1_103' title='bbox 831 1845 988 1912; x_wconf 86' lang='lat' dir='ltr'><strong>firmarius</strong></span> <span class='ocrx_word' id='word_1_104' title='bbox 1017 1853 1126 1913; x_wconf 84' lang='lat' dir='ltr'><strong>contra</strong></span> <span class='ocrx_word' id='word_1_105' title='bbox 1151 1850 1236 1929; x_wconf 81' lang='lat' dir='ltr'><strong>leges</strong></span> <span class='ocrx_word' id='word_1_106' title='bbox 1265 1851 1438 1915; x_wconf 83' lang='lat' dir='ltr'><strong>vastaverit</strong></span> 
     </span>
     <span class='ocr_line' id='line_1_13' title="bbox 289 1947 1434 2030; baseline 0.001 -14"><span class='ocrx_word' id='word_1_107' title='bbox 289 1951 340 2016; x_wconf 86' lang='lat' dir='ltr'><strong>vel</strong></span> <span class='ocrx_word' id='word_1_108' title='bbox 362 1950 548 2016; x_wconf 82' lang='lat' dir='ltr'><strong>alienaverit</strong></span> <span class='ocrx_word' id='word_1_109' title='bbox 568 1950 600 2014; x_wconf 91' lang='lat' dir='ltr'><strong>in</strong></span> <span class='ocrx_word' id='word_1_110' title='bbox 623 1947 852 2030; x_wconf 90' lang='lat' dir='ltr'><strong>provisionibus</strong></span> <span class='ocrx_word' id='word_1_111' title='bbox 875 1949 1092 2029; x_wconf 83' lang='lat' dir='ltr'><strong>eonstituitur‚</strong></span> <span class='ocrx_word' id='word_1_112' title='bbox 1125 1951 1337 2015; x_wconf 86' lang='lat' dir='ltr'><strong>ut&#39;damnum</strong></span> <span class='ocrx_word' id='word_1_113' title='bbox 1366 1971 1434 2017; x_wconf 89' lang='lat' dir='ltr'><strong>sor-</strong></span> 
     </span>
     <span class='ocr_line' id='line_1_14' title="bbox 292 2048 1434 2136; baseline -0.004 -16"><span class='ocrx_word' id='word_1_114' title='bbox 292 2053 369 2120; x_wconf 81' lang='lat' dir='ltr'><strong>ciat:</strong></span> <span class='ocrx_word' id='word_1_115' title='bbox 399 2063 427 2116; x_wconf 83' lang='lat' dir='ltr'><strong>et</strong></span> <span class='ocrx_word' id='word_1_116' title='bbox 448 2051 481 2115; x_wconf 87' lang='lat' dir='ltr'><strong>ai</strong></span> <span class='ocrx_word' id='word_1_117' title='bbox 499 2052 526 2115; x_wconf 84' lang='lat' dir='ltr'><strong>il</strong></span> <span class='ocrx_word' id='word_1_118' title='bbox 546 2052 575 2115; x_wconf 81' lang='lat' dir='ltr'><strong>ie</strong></span> <span class='ocrx_word' id='word_1_119' title='bbox 586 2049 701 2136; x_wconf 79' lang='lat' dir='ltr'><strong>fouent</strong></span> <span class='ocrx_word' id='word_1_120' title='bbox 722 2062 751 2114; x_wconf 81' lang='lat' dir='ltr'><strong>et</strong></span> <span class='ocrx_word' id='word_1_121' title='bbox 772 2051 870 2114; x_wconf 84' lang='lat' dir='ltr'><strong>scient</strong></span> <span class='ocrx_word' id='word_1_122' title='bbox 891 2051 1001 2130; x_wconf 82' lang='lat' dir='ltr'><strong>nteina,</strong></span> <span class='ocrx_word' id='word_1_123' title='bbox 1024 2048 1062 2112; x_wconf 82' lang='lat' dir='ltr'><strong>da</strong></span> <span class='ocrx_word' id='word_1_124' title='bbox 1084 2072 1135 2113; x_wconf 85' lang='lat' dir='ltr'><strong>ceo</strong></span> <span class='ocrx_word' id='word_1_125' title='bbox 1157 2051 1289 2114; x_wconf 80' lang='lat' dir='ltr'><strong>rendent</strong></span> <span class='ocrx_word' id='word_1_126' title='bbox 1310 2053 1355 2116; x_wconf 82' lang='lat' dir='ltr'><strong>les</strong></span> <span class='ocrx_word' id='word_1_127' title='bbox 1379 2051 1434 2116; x_wconf 79' lang='lat' dir='ltr'><strong>du-</strong></span> 
     </span>
    </p>
   </div>
   <div class='ocr_carea' id='block_1_4' title="bbox 290 2151 1434 2339">
    <p class='ocr_par' dir='ltr' id='par_1_4' title="bbox 290 2151 1434 2339">
     <span class='ocr_line' id='line_1_15' title="bbox 290 2151 1433 2242; baseline 0.001 -23"><span class='ocrx_word' id='word_1_128' title='bbox 290 2156 444 2242; x_wconf 75' lang='lat' dir='ltr'><strong>mopes⁸⁸)</strong></span> <span class='ocrx_word' id='word_1_129' title='bbox 466 2159 561 2236; x_wconf 84' lang='lat' dir='ltr'><strong>atque</strong></span> <span class='ocrx_word' id='word_1_130' title='bbox 582 2153 628 2219; x_wconf 89' lang='lat' dir='ltr'><strong>ita</strong></span> <span class='ocrx_word' id='word_1_131' title='bbox 640 2153 826 2231; x_wconf 67' lang='lat' dir='ltr'><strong>devastant,</strong></span> <span class='ocrx_word' id='word_1_132' title='bbox 849 2151 1044 2218; x_wconf 87' lang='lat' dir='ltr'><strong>siadomino</strong></span> <span class='ocrx_word' id='word_1_133' title='bbox 1057 2152 1235 2218; x_wconf 81' lang='lat' dir='ltr'><strong>dissaisitus</strong></span> <span class='ocrx_word' id='word_1_134' title='bbox 1258 2155 1308 2234; x_wconf 81' lang='lat' dir='ltr'><strong>sit</strong></span> <span class='ocrx_word' id='word_1_135' title='bbox 1331 2155 1433 2220; x_wconf 84' lang='lat' dir='ltr'><strong>assisa</strong></span> 
     </span>
     <span class='ocr_line' id='line_1_16' title="bbox 290 2253 1434 2339; baseline -0.002 -15"><span class='ocrx_word' id='word_1_136' title='bbox 290 2277 391 2324; x_wconf 88' lang='lat' dir='ltr'><strong>novae</strong></span> <span class='ocrx_word' id='word_1_137' title='bbox 417 2256 492 2322; x_wconf 90' lang='lat' dir='ltr'><strong>diss.</strong></span> <span class='ocrx_word' id='word_1_138' title='bbox 523 2256 751 2339; x_wconf 76' lang='lat' dir='ltr'><strong>denegatur⁸⁶).</strong></span> <span class='ocrx_word' id='word_1_139' title='bbox 795 2255 839 2320; x_wconf 85' lang='lat' dir='ltr'><strong>At</strong></span> <span class='ocrx_word' id='word_1_140' title='bbox 866 2273 972 2321; x_wconf 86' lang='lat' dir='ltr'><strong>casum</strong></span> <span class='ocrx_word' id='word_1_141' title='bbox 1000 2260 1164 2336; x_wconf 87' lang='lat' dir='ltr'><strong>praestare</strong></span> <span class='ocrx_word' id='word_1_142' title='bbox 1191 2253 1349 2322; x_wconf 86' lang='lat' dir='ltr'><strong>firmarius</strong></span> <span class='ocrx_word' id='word_1_143' title='bbox 1371 2275 1434 2322; x_wconf 93' lang='lat' dir='ltr'><strong>non</strong></span> 
     </span>
    </p>
   </div>
   <div class='ocr_carea' id='block_1_5' title="bbox 291 2361 1434 2545">
    <p class='ocr_par' dir='ltr' id='par_1_5' title="bbox 291 2361 1434 2545">
     <span class='ocr_line' id='line_1_17' title="bbox 424 2363 451 2398; baseline -0.037 0"><span class='ocrx_word' id='word_1_144' title='bbox 424 2363 451 2398; x_wconf 67' lang='lat' dir='ltr'><strong>O&#39;l</strong></span> 
     </span>
     <span class='ocr_line' id='line_1_18' title="bbox 291 2361 1434 2545; baseline 0 -14"><span class='ocrx_word' id='word_1_145' title='bbox 291 2367 417 2531; x_wconf 38' lang='lat' dir='ltr'><strong>teneti?</strong></span> <span class='ocrx_word' id='word_1_146' title='bbox 441 2361 585 2545; x_wconf 59' lang='lat' dir='ltr'><strong>lienique</strong></span> <span class='ocrx_word' id='word_1_147' title='bbox 606 2461 740 2528; x_wconf 90' lang='lat' dir='ltr'><strong>termino</strong></span> <span class='ocrx_word' id='word_1_148' title='bbox 763 2457 854 2526; x_wconf 87' lang='lat' dir='ltr'><strong>firma</strong></span> <span class='ocrx_word' id='word_1_149' title='bbox 875 2459 1039 2526; x_wconf 87' lang='lat' dir='ltr'><strong>interiecto</strong></span> <span class='ocrx_word' id='word_1_150' title='bbox 1062 2460 1187 2528; x_wconf 90' lang='lat' dir='ltr'><strong>domino</strong></span> <span class='ocrx_word' id='word_1_151' title='bbox 1209 2463 1372 2544; x_wconf 88' lang='lat' dir='ltr'><strong>praedium</strong></span> <span class='ocrx_word' id='word_1_152' title='bbox 1384 2483 1434 2531; x_wconf 88' lang='lat' dir='ltr'><strong>re·</strong></span> 
     </span>
    </p>
   </div>
   <div class='ocr_carea' id='block_1_6' title="bbox 290 2562 1435 2643">
    <p class='ocr_par' dir='ltr' id='par_1_6' title="bbox 290 2562 1435 2643">
     <span class='ocr_line' id='line_1_19' title="bbox 290 2562 1435 2643; baseline 0.001 -11"><span class='ocrx_word' id='word_1_153' title='bbox 290 2567 423 2633; x_wconf 90' lang='lat' dir='ltr'><strong>stituere</strong></span> <span class='ocrx_word' id='word_1_154' title='bbox 451 2565 555 2631; x_wconf 89' lang='lat' dir='ltr'><strong>debet.</strong></span> <span class='ocrx_word' id='word_1_155' title='bbox 601 2563 691 2642; x_wconf 87' lang='lat' dir='ltr'><strong>Quod</strong></span> <span class='ocrx_word' id='word_1_156' title='bbox 711 2563 744 2628; x_wconf 92' lang='lat' dir='ltr'><strong>ni</strong></span> <span class='ocrx_word' id='word_1_157' title='bbox 767 2562 871 2643; x_wconf 79' lang='lat' dir='ltr'><strong>laniat,</strong></span> <span class='ocrx_word' id='word_1_158' title='bbox 900 2562 956 2628; x_wconf 85' lang='lat' dir='ltr'><strong>sed</strong></span> <span class='ocrx_word' id='word_1_159' title='bbox 979 2563 1137 2629; x_wconf 90' lang='lat' dir='ltr'><strong>dominum</strong></span> <span class='ocrx_word' id='word_1_160' title='bbox 1166 2566 1334 2632; x_wconf 85' lang='lat' dir='ltr'><strong>admittere</strong></span> <span class='ocrx_word' id='word_1_161' title='bbox 1356 2568 1435 2633; x_wconf 94' lang='lat' dir='ltr'><strong>nolit</strong></span> 
     </span>
    </p>
   </div>
   <div class='ocr_carea' id='block_1_7' title="bbox 293 2719 498 2732">
    <p class='ocr_par' dir='ltr' id='par_1_7' title="bbox 293 2719 498 2732">
     <span class='ocr_line' id='line_1_20' title="bbox 293 2719 498 2732; baseline -0.02 0"><span class='ocrx_word' id='word_1_162' title='bbox 293 2719 498 2732; x_wconf 82' lang='grc'>.-.-----</span> 
     </span>
    </p>
   </div>
   <div class='ocr_carea' id='block_1_8' title="bbox 287 2800 1436 3300">
    <p class='ocr_par' dir='ltr' id='par_1_8' title="bbox 287 2800 1436 3128">
     <span class='ocr_line' id='line_1_21' title="bbox 360 2800 1436 2870; baseline 0.002 -14"><span class='ocrx_word' id='word_1_163' title='bbox 360 2800 406 2868; x_wconf 79' lang='grc'><strong>67)</strong></span> <span class='ocrx_word' id='word_1_164' title='bbox 423 2801 620 2854; x_wconf 76' lang='lat' dir='ltr'><strong>Ecclesiasticis</strong></span> <span class='ocrx_word' id='word_1_165' title='bbox 638 2803 739 2870; x_wconf 73' lang='lat' dir='ltr'><strong>legibus</strong></span> <span class='ocrx_word' id='word_1_166' title='bbox 757 2801 872 2865; x_wconf 84' lang='lat' dir='ltr'><strong>iubetur,</strong></span> <span class='ocrx_word' id='word_1_167' title='bbox 897 2806 927 2853; x_wconf 88' lang='lat' dir='ltr'><strong>ut</strong></span> <span class='ocrx_word' id='word_1_168' title='bbox 951 2801 1081 2853; x_wconf 68' lang='lat' dir='ltr'><strong>firmarios</strong></span> <span class='ocrx_word' id='word_1_169' title='bbox 1091 2803 1198 2870; x_wconf 73' lang='lat' dir='ltr'><strong>fruetus</strong></span> <span class='ocrx_word' id='word_1_170' title='bbox 1223 2803 1252 2854; x_wconf 86' lang='lat' dir='ltr'><strong>in</strong></span> <span class='ocrx_word' id='word_1_171' title='bbox 1273 2803 1349 2857; x_wconf 78' lang='lat' dir='ltr'><strong>bonos</strong></span> <span class='ocrx_word' id='word_1_172' title='bbox 1372 2821 1436 2858; x_wconf 76' lang='lat' dir='ltr'><strong>suns</strong></span> 
     </span>
     <span class='ocr_line' id='line_1_22' title="bbox 287 2883 1433 2958; baseline 0.001 -15"><span class='ocrx_word' id='word_1_173' title='bbox 287 2897 427 2951; x_wconf 61' lang='lat' dir='ltr'><strong>amoena,</strong></span> <span class='ocrx_word' id='word_1_174' title='bbox 450 2895 482 2942; x_wconf 86' lang='lat' dir='ltr'><strong>nt</strong></span> <span class='ocrx_word' id='word_1_175' title='bbox 507 2889 623 2940; x_wconf 85' lang='lat' dir='ltr'><strong>oonoil.</strong></span> <span class='ocrx_word' id='word_1_176' title='bbox 647 2888 826 2950; x_wconf 76' lang='lat' dir='ltr'><strong>oxoniam,</strong></span> <span class='ocrx_word' id='word_1_177' title='bbox 853 2902 876 2940; x_wconf 83' lang='lat' dir='ltr'><strong>a.</strong></span> <span class='ocrx_word' id='word_1_178' title='bbox 897 2883 965 2938; x_wconf 86' lang='grc'><strong>1777</strong></span> <span class='ocrx_word' id='word_1_179' title='bbox 988 2903 1045 2939; x_wconf 85' lang='lat' dir='ltr'><strong>ean.</strong></span> <span class='ocrx_word' id='word_1_180' title='bbox 1064 2886 1099 2940; x_wconf 77' lang='lat'><strong>30</strong></span> <span class='ocrx_word' id='word_1_181' title='bbox 1124 2889 1281 2952; x_wconf 85' lang='lat' dir='ltr'><strong>(Willrinsl</strong></span> <span class='ocrx_word' id='word_1_182' title='bbox 1309 2903 1335 2954; x_wconf 79' lang='lat' dir='ltr'><strong>p.</strong></span> <span class='ocrx_word' id='word_1_183' title='bbox 1354 2890 1433 2958; x_wconf 76' lang='grc'><strong>391);</strong></span> 
     </span>
     <span class='ocr_line' id='line_1_23' title="bbox 290 2969 1434 3040; baseline 0 -10"><span class='ocrx_word' id='word_1_184' title='bbox 290 2979 421 3030; x_wconf 84' lang='lat' dir='ltr'><strong>sonstit.</strong></span> <span class='ocrx_word' id='word_1_185' title='bbox 439 2975 483 3026; x_wconf 85' lang='lat' dir='ltr'><strong>W.</strong></span> <span class='ocrx_word' id='word_1_186' title='bbox 508 2974 651 3040; x_wconf 66' lang='lat' dir='ltr'><strong>dsulbys</strong></span> <span class='ocrx_word' id='word_1_187' title='bbox 670 2969 779 3027; x_wconf 72' lang='grc' dir='ltr'><strong>ι.1779</strong></span> <span class='ocrx_word' id='word_1_188' title='bbox 797 2989 820 3025; x_wconf 90' lang='lat' dir='ltr'><strong>o.</strong></span> <span class='ocrx_word' id='word_1_189' title='bbox 830 2970 862 3025; x_wconf 88' lang='grc'><strong>17</strong></span> <span class='ocrx_word' id='word_1_190' title='bbox 881 2971 954 3037; x_wconf 85' lang='lat' dir='ltr'><strong>(ibid.</strong></span> <span class='ocrx_word' id='word_1_191' title='bbox 973 2973 1083 3039; x_wconf 68' lang='lat' dir='ltr'><strong>poton</strong></span> <span class='ocrx_word' id='word_1_192' title='bbox 1101 2978 1233 3028; x_wconf 87' lang='lat' dir='ltr'><strong>oonstit.</strong></span> <span class='ocrx_word' id='word_1_193' title='bbox 1250 2977 1282 3029; x_wconf 81' lang='grc' dir='ltr'><strong>Δ.</strong></span> <span class='ocrx_word' id='word_1_194' title='bbox 1300 2979 1434 3030; x_wconf 89' lang='lat' dir='ltr'><strong>dsBrid-</strong></span> 
     </span>
     <span class='ocr_line' id='line_1_24' title="bbox 290 3056 1205 3128; baseline -0.001 -13"><span class='ocrx_word' id='word_1_195' title='bbox 290 3064 367 3127; x_wconf 82' lang='lat' dir='ltr'><strong>lost,</strong></span> <span class='ocrx_word' id='word_1_196' title='bbox 386 3061 445 3114; x_wconf 82' lang='lat' dir='ltr'><strong>Sar.</strong></span> <span class='ocrx_word' id='word_1_197' title='bbox 462 3076 513 3128; x_wconf 82' lang='lat' dir='ltr'><strong>sp,</strong></span> <span class='ocrx_word' id='word_1_198' title='bbox 530 3057 562 3112; x_wconf 62' lang='lat' dir='ltr'><strong>a)</strong></span> <span class='ocrx_word' id='word_1_199' title='bbox 573 3057 645 3114; x_wconf 74' lang='lat' dir='ltr'><strong>llud</strong></span> <span class='ocrx_word' id='word_1_200' title='bbox 662 3058 729 3124; x_wconf 86' lang='lat' dir='ltr'><strong>(ibid</strong></span> <span class='ocrx_word' id='word_1_201' title='bbox 756 3075 782 3126; x_wconf 89' lang='lat' dir='ltr'><strong>p.</strong></span> <span class='ocrx_word' id='word_1_202' title='bbox 801 3056 863 3124; x_wconf 88' lang='grc'><strong>717)</strong></span> <span class='ocrx_word' id='word_1_203' title='bbox 885 3066 914 3110; x_wconf 81' lang='lat' dir='ltr'><strong>nt</strong></span> <span class='ocrx_word' id='word_1_204' title='bbox 930 3059 985 3110; x_wconf 81' lang='lat' dir='ltr'><strong>neri</strong></span> <span class='ocrx_word' id='word_1_205' title='bbox 1000 3059 1130 3112; x_wconf 70' lang='lat' dir='ltr'><strong>videam</strong></span> <span class='ocrx_word' id='word_1_206' title='bbox 1148 3078 1205 3128; x_wconf 87' lang='lat' dir='ltr'><strong>sqq.</strong></span> 
     </span>
    </p>

    <p class='ocr_par' dir='ltr' id='par_1_9' title="bbox 290 3146 1433 3300">
     <span class='ocr_line' id='line_1_25' title="bbox 357 3146 1433 3218; baseline 0.002 -17"><span class='ocrx_word' id='word_1_207' title='bbox 357 3146 404 3201; x_wconf 77' lang='grc'><strong>631</strong></span> <span class='ocrx_word' id='word_1_208' title='bbox 421 3147 535 3200; x_wconf 74' lang='lat' dir='ltr'><strong>Maron.</strong></span> <span class='ocrx_word' id='word_1_209' title='bbox 552 3147 655 3214; x_wconf 64' lang='lat' dir='ltr'><strong>Paris,</strong></span> <span class='ocrx_word' id='word_1_210' title='bbox 674 3147 720 3198; x_wconf 87' lang='lat' dir='ltr'><strong>vit.</strong></span> <span class='ocrx_word' id='word_1_211' title='bbox 738 3146 792 3212; x_wconf 69' lang='lat' dir='ltr'><strong>vig.</strong></span> <span class='ocrx_word' id='word_1_212' title='bbox 810 3150 841 3196; x_wconf 90' lang='lat' dir='ltr'><strong>tr.</strong></span> <span class='ocrx_word' id='word_1_213' title='bbox 860 3146 921 3197; x_wconf 85' lang='lat' dir='ltr'><strong>abb.</strong></span> <span class='ocrx_word' id='word_1_214' title='bbox 940 3163 965 3212; x_wconf 89' lang='lat' dir='ltr'><strong>p.</strong></span> <span class='ocrx_word' id='word_1_215' title='bbox 983 3146 1017 3199; x_wconf 77' lang='grc'><strong>51</strong></span> <span class='ocrx_word' id='word_1_216' title='bbox 1034 3149 1051 3198; x_wconf 86' lang='grc'><strong>1.</strong></span> <span class='ocrx_word' id='word_1_217' title='bbox 1070 3147 1088 3198; x_wconf 79' lang='lat' dir='ltr'><strong>f.</strong></span> <span class='ocrx_word' id='word_1_218' title='bbox 1113 3175 1141 3186; x_wconf 91' lang='lat'><strong>-·</strong></span> <span class='ocrx_word' id='word_1_219' title='bbox 1171 3149 1343 3204; x_wconf 78' lang='lat' dir='ltr'><strong>Constitui.</strong></span> <span class='ocrx_word' id='word_1_220' title='bbox 1362 3154 1433 3218; x_wconf 91' lang='lat' dir='ltr'><strong>qul·</strong></span> 
     </span>
     <span class='ocr_line' id='line_1_26' title="bbox 290 3227 1433 3300; baseline 0.001 -12"><span class='ocrx_word' id='word_1_221' title='bbox 290 3235 381 3288; x_wconf 88' lang='lat' dir='ltr'><strong>bnsd.</strong></span> <span class='ocrx_word' id='word_1_222' title='bbox 399 3235 512 3300; x_wconf 78' lang='lat' dir='ltr'><strong>synod.</strong></span> <span class='ocrx_word' id='word_1_223' title='bbox 529 3251 555 3286; x_wconf 82' lang='lat' dir='ltr'><strong>s.</strong></span> <span class='ocrx_word' id='word_1_224' title='bbox 573 3231 641 3287; x_wconf 79' lang='grc'><strong>1737</strong></span> <span class='ocrx_word' id='word_1_225' title='bbox 659 3232 701 3285; x_wconf 74' lang='lat' dir='ltr'><strong>dd.</strong></span> <span class='ocrx_word' id='word_1_226' title='bbox 724 3231 851 3288; x_wconf 78' lang='lat' dir='ltr'><strong>(Willrins</strong></span> <span class='ocrx_word' id='word_1_227' title='bbox 869 3231 883 3282; x_wconf 95' lang='lat'>1</span> <span class='ocrx_word' id='word_1_228' title='bbox 901 3248 926 3297; x_wconf 93' lang='lat' dir='ltr'><strong>p.</strong></span> <span class='ocrx_word' id='word_1_229' title='bbox 944 3227 1008 3286; x_wconf 79' lang='grc'><strong>(167)</strong></span> <span class='ocrx_word' id='word_1_230' title='bbox 1034 3233 1105 3284; x_wconf 84' lang='lat' dir='ltr'><strong>datio</strong></span> <span class='ocrx_word' id='word_1_231' title='bbox 1132 3234 1259 3287; x_wconf 81' lang='lat' dir='ltr'><strong>ecelesias</strong></span> <span class='ocrx_word' id='word_1_232' title='bbox 1291 3253 1308 3288; x_wconf 85' lang='lat' dir='ltr'><strong>s</strong></span> <span class='ocrx_word' id='word_1_233' title='bbox 1334 3237 1433 3290; x_wconf 84' lang='lat' dir='ltr'><strong>firmam</strong></span> 
     </span>
    </p>
   </div>
   <div class='ocr_carea' id='block_1_9' title="bbox 287 3315 1436 4680">
    <p class='ocr_par' dir='ltr' id='par_1_10' title="bbox 289 3315 1433 3389">
     <span class='ocr_line' id='line_1_27' title="bbox 289 3315 1433 3389; baseline 0 -15"><span class='ocrx_word' id='word_1_234' title='bbox 289 3322 450 3389; x_wconf 82' lang='lat' dir='ltr'><strong>prohibetur,</strong></span> <span class='ocrx_word' id='word_1_235' title='bbox 458 3320 510 3372; x_wconf 75' lang='lat' dir='ltr'><strong>ruisi</strong></span> <span class='ocrx_word' id='word_1_236' title='bbox 515 3319 590 3386; x_wconf 72' lang='lat' dir='ltr'><strong>prino</strong></span> <span class='ocrx_word' id='word_1_237' title='bbox 599 3315 753 3385; x_wconf 57' lang='lat' dir='ltr'><strong>sufficimur</strong></span> <span class='ocrx_word' id='word_1_238' title='bbox 760 3315 792 3368; x_wconf 78' lang='lat' dir='ltr'><strong>olo</strong></span> <span class='ocrx_word' id='word_1_239' title='bbox 800 3315 965 3367; x_wconf 74' lang='lat' dir='ltr'><strong>indemnitate</strong></span> <span class='ocrx_word' id='word_1_240' title='bbox 974 3325 1092 3368; x_wconf 75' lang='lat' dir='ltr'><strong>consutor</strong></span> <span class='ocrx_word' id='word_1_241' title='bbox 1099 3328 1105 3372; x_wconf 87' lang='lat' dir='ltr'><strong>l</strong></span> <span class='ocrx_word' id='word_1_242' title='bbox 1111 3322 1198 3370; x_wconf 79' lang='lat' dir='ltr'><strong>cautio</strong></span> <span class='ocrx_word' id='word_1_243' title='bbox 1208 3321 1433 3382; x_wconf 77' lang='lat' dir='ltr'><strong>usufructuariail.</strong></span> 
     </span>
    </p>

    <p class='ocr_par' dir='ltr' id='par_1_11' title="bbox 287 3398 1436 3899">
     <span class='ocr_line' id='line_1_28' title="bbox 357 3398 1431 3472; baseline 0.004 -16"><span class='ocrx_word' id='word_1_244' title='bbox 357 3400 402 3468; x_wconf 76' lang='lat' dir='ltr'><strong>dl)</strong></span> <span class='ocrx_word' id='word_1_245' title='bbox 419 3404 562 3457; x_wconf 70' lang='lat' dir='ltr'><strong>Annales</strong></span> <span class='ocrx_word' id='word_1_246' title='bbox 578 3404 618 3456; x_wconf 87' lang='lat' dir='ltr'><strong>ds</strong></span> <span class='ocrx_word' id='word_1_247' title='bbox 636 3405 758 3456; x_wconf 88' lang='lat' dir='ltr'><strong>Bnrton</strong></span> <span class='ocrx_word' id='word_1_248' title='bbox 787 3400 863 3453; x_wconf 80' lang='lat' dir='ltr'><strong>ada.</strong></span> <span class='ocrx_word' id='word_1_249' title='bbox 883 3398 950 3454; x_wconf 86' lang='grc'><strong>1751)</strong></span> <span class='ocrx_word' id='word_1_250' title='bbox 968 3419 994 3468; x_wconf 91' lang='lat' dir='ltr'><strong>p.</strong></span> <span class='ocrx_word' id='word_1_251' title='bbox 1013 3402 1158 3469; x_wconf 79' lang='grc'><strong>47511111,</strong></span> <span class='ocrx_word' id='word_1_252' title='bbox 1185 3421 1253 3472; x_wconf 84' lang='lat' dir='ltr'><strong>quas</strong></span> <span class='ocrx_word' id='word_1_253' title='bbox 1270 3409 1386 3472; x_wconf 84' lang='lat' dir='ltr'><strong>provisio</strong></span> <span class='ocrx_word' id='word_1_254' title='bbox 1414 3425 1431 3461; x_wconf 80' lang='lat' dir='ltr'><strong>a</strong></span> 
     </span>
     <span class='ocr_line' id='line_1_29' title="bbox 288 3485 1432 3558; baseline 0.002 -15"><span class='ocrx_word' id='word_1_255' title='bbox 288 3506 351 3558; x_wconf 73' lang='lat' dir='ltr'><strong>rege</strong></span> <span class='ocrx_word' id='word_1_256' title='bbox 377 3490 530 3543; x_wconf 84' lang='lat' dir='ltr'><strong>oonfirmsta</strong></span> <span class='ocrx_word' id='word_1_257' title='bbox 547 3496 596 3543; x_wconf 86' lang='lat' dir='ltr'><strong>sst</strong></span> <span class='ocrx_word' id='word_1_258' title='bbox 631 3485 802 3542; x_wconf 75' lang='lat' dir='ltr'><strong>lion-ard‘l.</strong></span> <span class='ocrx_word' id='word_1_259' title='bbox 820 3503 842 3538; x_wconf 91' lang='lat' dir='ltr'><strong>e.</strong></span> <span class='ocrx_word' id='word_1_260' title='bbox 861 3487 911 3544; x_wconf 83' lang='lat'><strong>111.</strong></span> <span class='ocrx_word' id='word_1_261' title='bbox 930 3505 955 3554; x_wconf 92' lang='lat' dir='ltr'><strong>p.</strong></span> <span class='ocrx_word' id='word_1_262' title='bbox 975 3486 1007 3540; x_wconf 91' lang='grc'><strong>71</strong></span> <span class='ocrx_word' id='word_1_263' title='bbox 1027 3489 1197 3556; x_wconf 82' lang='lat' dir='ltr'><strong>Remarquss.</strong></span> <span class='ocrx_word' id='word_1_264' title='bbox 1232 3493 1310 3542; x_wconf 87' lang='lat' dir='ltr'><strong>Hane</strong></span> <span class='ocrx_word' id='word_1_265' title='bbox 1327 3495 1432 3545; x_wconf 80' lang='lat' dir='ltr'><strong>constit.</strong></span> 
     </span>
     <span class='ocr_line' id='line_1_30' title="bbox 291 3567 1433 3642; baseline 0.001 -12"><span class='ocrx_word' id='word_1_266' title='bbox 291 3578 401 3630; x_wconf 72' lang='lat' dir='ltr'><strong>snmus</strong></span> <span class='ocrx_word' id='word_1_267' title='bbox 428 3577 460 3629; x_wconf 87' lang='lat' dir='ltr'><strong>ds</strong></span> <span class='ocrx_word' id='word_1_268' title='bbox 477 3577 657 3642; x_wconf 73' lang='lat' dir='ltr'><strong>Marlsbridge</strong></span> <span class='ocrx_word' id='word_1_269' title='bbox 683 3575 760 3641; x_wconf 83' lang='lat' dir='ltr'><strong>olrap.</strong></span> <span class='ocrx_word' id='word_1_270' title='bbox 778 3573 865 3625; x_wconf 84' lang='lat' dir='ltr'>XXIV</span> <span class='ocrx_word' id='word_1_271' title='bbox 889 3590 948 3624; x_wconf 85' lang='lat' dir='ltr'><strong>esse</strong></span> <span class='ocrx_word' id='word_1_272' title='bbox 969 3575 1136 3627; x_wconf 82' lang='lat' dir='ltr'><strong>inserendam</strong></span> <span class='ocrx_word' id='word_1_273' title='bbox 1159 3582 1242 3642; x_wconf 89' lang='lat' dir='ltr'><strong>putat.</strong></span> <span class='ocrx_word' id='word_1_274' title='bbox 1278 3567 1319 3630; x_wconf 79' lang='lat' dir='ltr'><strong>(li.</strong></span> <span class='ocrx_word' id='word_1_275' title='bbox 1337 3579 1433 3631; x_wconf 75' lang='lat' dir='ltr'><strong>Fletus</strong></span> 
     </span>
     <span class='ocr_line' id='line_1_31' title="bbox 289 3657 1434 3730; baseline 0.002 -16"><span class='ocrx_word' id='word_1_276' title='bbox 289 3664 351 3714; x_wconf 90' lang='lat' dir='ltr'><strong>ibid.</strong></span> <span class='ocrx_word' id='word_1_277' title='bbox 369 3664 394 3726; x_wconf 68' lang='grc'><strong>7.</strong></span> <span class='ocrx_word' id='word_1_278' title='bbox 415 3657 458 3716; x_wconf 75' lang='lat'><strong>16:</strong></span> <span class='ocrx_word' id='word_1_279' title='bbox 486 3670 509 3714; x_wconf 83' lang='lat' dir='ltr'><strong>et</strong></span> <span class='ocrx_word' id='word_1_280' title='bbox 526 3661 598 3728; x_wconf 78' lang='lat' dir='ltr'><strong>apud</strong></span> <span class='ocrx_word' id='word_1_281' title='bbox 616 3662 742 3712; x_wconf 77' lang='lat' dir='ltr'><strong>Marion</strong></span> <span class='ocrx_word' id='word_1_282' title='bbox 758 3659 811 3725; x_wconf 78' lang='lat' dir='ltr'><strong>snit</strong></span> <span class='ocrx_word' id='word_1_283' title='bbox 833 3659 980 3728; x_wconf 56' lang='lat' dir='ltr'><strong>inhibitum</strong></span> <span class='ocrx_word' id='word_1_284' title='bbox 1004 3676 1038 3711; x_wconf 83' lang='lat' dir='ltr'><strong>no</strong></span> <span class='ocrx_word' id='word_1_285' title='bbox 1061 3659 1189 3712; x_wconf 66' lang='lat' dir='ltr'><strong>dimetrii</strong></span> <span class='ocrx_word' id='word_1_286' title='bbox 1198 3665 1319 3730; x_wconf 74' lang='lat' dir='ltr'><strong>facereret</strong></span> <span class='ocrx_word' id='word_1_287' title='bbox 1334 3673 1434 3716; x_wconf 76' lang='lat' dir='ltr'><strong>vastum</strong></span> 
     </span>
     <span class='ocr_line' id='line_1_32' title="bbox 288 3745 1436 3816; baseline 0.002 -18"><span class='ocrx_word' id='word_1_288' title='bbox 288 3756 397 3814; x_wconf 81' lang='lat' dir='ltr'><strong>tempora</strong></span> <span class='ocrx_word' id='word_1_289' title='bbox 417 3748 556 3814; x_wconf 61' lang='lat' dir='ltr'><strong>mrum</strong></span> <span class='ocrx_word' id='word_1_290' title='bbox 573 3762 680 3798; x_wconf 71' lang='lat' dir='ltr'><strong>ntorum</strong></span> <span class='ocrx_word' id='word_1_291' title='bbox 705 3745 734 3796; x_wconf 86' lang='lat' dir='ltr'><strong>in</strong></span> <span class='ocrx_word' id='word_1_292' title='bbox 752 3745 848 3797; x_wconf 70' lang='lat' dir='ltr'><strong>mmo</strong></span> <span class='ocrx_word' id='word_1_293' title='bbox 864 3745 930 3805; x_wconf 73' lang='lat' dir='ltr'><strong>mis,</strong></span> <span class='ocrx_word' id='word_1_294' title='bbox 956 3745 988 3796; x_wconf 81' lang='lat' dir='ltr'><strong>de</strong></span> <span class='ocrx_word' id='word_1_295' title='bbox 1005 3762 1055 3812; x_wconf 79' lang='lat' dir='ltr'><strong>quo</strong></span> <span class='ocrx_word' id='word_1_296' title='bbox 1071 3754 1169 3810; x_wconf 76' lang='lat' dir='ltr'><strong>tamese,</strong></span> <span class='ocrx_word' id='word_1_297' title='bbox 1195 3748 1218 3799; x_wconf 81' lang='lat' dir='ltr'><strong>si</strong></span> <span class='ocrx_word' id='word_1_298' title='bbox 1238 3749 1296 3816; x_wconf 80' lang='lat' dir='ltr'><strong>qnia</strong></span> <span class='ocrx_word' id='word_1_299' title='bbox 1312 3751 1436 3803; x_wconf 67' lang='lat' dir='ltr'><strong>conulem</strong></span> 
     </span>
     <span class='ocr_line' id='line_1_33' title="bbox 287 3829 1347 3899; baseline 0.004 -15"><span class='ocrx_word' id='word_1_300' title='bbox 287 3831 376 3897; x_wconf 58' lang='lat' dir='ltr'><strong>ism,</strong></span> <span class='ocrx_word' id='word_1_301' title='bbox 391 3839 474 3884; x_wconf 66' lang='lat' dir='ltr'><strong>unsel</strong></span> <span class='ocrx_word' id='word_1_302' title='bbox 490 3849 547 3884; x_wconf 66' lang='lat' dir='ltr'><strong>mm</strong></span> <span class='ocrx_word' id='word_1_303' title='bbox 559 3848 646 3899; x_wconf 79' lang='lat' dir='ltr'><strong>poeria</strong></span> <span class='ocrx_word' id='word_1_304' title='bbox 660 3830 748 3898; x_wconf 60' lang='lat' dir='ltr'><strong>monis</strong></span> <span class='ocrx_word' id='word_1_305' title='bbox 757 3829 943 3882; x_wconf 61' lang='lat' dir='ltr'><strong>nomenoius</strong></span> <span class='ocrx_word' id='word_1_306' title='bbox 960 3837 983 3881; x_wconf 73' lang='lat' dir='ltr'><strong><em>d</em></strong></span> <span class='ocrx_word' id='word_1_307' title='bbox 999 3830 1168 3898; x_wconf 76' lang='lat' dir='ltr'><strong>dampnorum</strong></span> <span class='ocrx_word' id='word_1_308' title='bbox 1184 3834 1347 3888; x_wconf 67' lang='lat' dir='ltr'><strong>restitutione.</strong></span> 
     </span>
    </p>

    <p class='ocr_par' dir='ltr' id='par_1_12' title="bbox 357 3913 981 3978">
     <span class='ocr_line' id='line_1_34' title="bbox 357 3913 981 3978; baseline -0.005 -8"><span class='ocrx_word' id='word_1_309' title='bbox 357 3913 403 3978; x_wconf 80' lang='lat' dir='ltr'><strong>do)</strong></span> <span class='ocrx_word' id='word_1_310' title='bbox 421 3917 460 3969; x_wconf 77' lang='lat' dir='ltr'><strong>Gi.</strong></span> <span class='ocrx_word' id='word_1_311' title='bbox 478 3919 538 3973; x_wconf 77' lang='lat' dir='ltr'><strong>adn.</strong></span> <span class='ocrx_word' id='word_1_312' title='bbox 557 3913 608 3972; x_wconf 76' lang='lat' dir='ltr'><strong>ubl</strong></span> <span class='ocrx_word' id='word_1_313' title='bbox 626 3918 738 3970; x_wconf 74' lang='lat' dir='ltr'><strong>Annal.</strong></span> <span class='ocrx_word' id='word_1_314' title='bbox 757 3918 794 3970; x_wconf 83' lang='lat' dir='ltr'><strong>ds</strong></span> <span class='ocrx_word' id='word_1_315' title='bbox 817 3919 906 3970; x_wconf 87' lang='lat' dir='ltr'><strong>Bnrt.</strong></span> <span class='ocrx_word' id='word_1_316' title='bbox 923 3918 941 3970; x_wconf 95' lang='lat' dir='ltr'><strong>l.</strong></span> <span class='ocrx_word' id='word_1_317' title='bbox 959 3933 981 3968; x_wconf 92' lang='lat' dir='ltr'><strong>o.</strong></span> 
     </span>
    </p>

    <p class='ocr_par' dir='ltr' id='par_1_13' title="bbox 358 4000 887 4070">
     <span class='ocr_line' id='line_1_35' title="bbox 358 4000 887 4070; baseline -0.008 -14"><span class='ocrx_word' id='word_1_318' title='bbox 358 4000 403 4063; x_wconf 71' lang='lat' dir='ltr'><strong>ddi</strong></span> <span class='ocrx_word' id='word_1_319' title='bbox 420 4005 514 4056; x_wconf 78' lang='lat' dir='ltr'><strong>Flete</strong></span> <span class='ocrx_word' id='word_1_320' title='bbox 529 4005 575 4056; x_wconf 91' lang='lat' dir='ltr'><strong>lib.</strong></span> <span class='ocrx_word' id='word_1_321' title='bbox 592 4003 639 4069; x_wconf 81' lang='lat' dir='ltr'><strong>IV,</strong></span> <span class='ocrx_word' id='word_1_322' title='bbox 656 4020 714 4070; x_wconf 82' lang='lat' dir='ltr'><strong>esp.</strong></span> <span class='ocrx_word' id='word_1_323' title='bbox 734 4001 767 4055; x_wconf 88' lang='grc'><strong>17</strong></span> <span class='ocrx_word' id='word_1_324' title='bbox 785 4020 810 4069; x_wconf 88' lang='lat' dir='ltr'><strong>p.</strong></span> <span class='ocrx_word' id='word_1_325' title='bbox 828 4001 887 4056; x_wconf 77' lang='grc'><strong>513.</strong></span> 
     </span>
    </p>

    <p class='ocr_par' dir='ltr' id='par_1_14' title="bbox 288 4083 1433 4680">
     <span class='ocr_line' id='line_1_36' title="bbox 357 4083 1433 4156; baseline 0.004 -16"><span class='ocrx_word' id='word_1_326' title='bbox 357 4083 403 4146; x_wconf 78' lang='lat' dir='ltr'><strong>du</strong></span> <span class='ocrx_word' id='word_1_327' title='bbox 422 4089 460 4141; x_wconf 81' lang='lat' dir='ltr'><strong>Cf.</strong></span> <span class='ocrx_word' id='word_1_328' title='bbox 479 4089 540 4156; x_wconf 89' lang='lat' dir='ltr'><strong>dipl.</strong></span> <span class='ocrx_word' id='word_1_329' title='bbox 558 4089 592 4141; x_wconf 87' lang='lat' dir='ltr'><strong>ad</strong></span> <span class='ocrx_word' id='word_1_330' title='bbox 610 4105 634 4141; x_wconf 87' lang='lat' dir='ltr'><strong>a.</strong></span> <span class='ocrx_word' id='word_1_331' title='bbox 654 4085 721 4142; x_wconf 77' lang='grc'><strong>1719</strong></span> <span class='ocrx_word' id='word_1_332' title='bbox 739 4105 781 4156; x_wconf 88' lang='lat' dir='ltr'><strong>ap.</strong></span> <span class='ocrx_word' id='word_1_333' title='bbox 800 4087 918 4140; x_wconf 83' lang='lat' dir='ltr'><strong>Thorn.</strong></span> <span class='ocrx_word' id='word_1_334' title='bbox 936 4105 961 4154; x_wconf 90' lang='lat' dir='ltr'><strong>p.</strong></span> <span class='ocrx_word' id='word_1_335' title='bbox 983 4087 1049 4143; x_wconf 78' lang='lat'>1895</span> <span class='ocrx_word' id='word_1_336' title='bbox 1067 4091 1089 4152; x_wconf 68' lang='grc'><strong>7.</strong></span> <span class='ocrx_word' id='word_1_337' title='bbox 1108 4087 1139 4142; x_wconf 83' lang='lat'><strong>8:</strong></span> <span class='ocrx_word' id='word_1_338' title='bbox 1164 4096 1187 4142; x_wconf 85' lang='lat' dir='ltr'><strong>et</strong></span> <span class='ocrx_word' id='word_1_339' title='bbox 1209 4089 1328 4143; x_wconf 55' lang='lat' dir='ltr'><strong>&amp;dinae</strong></span> <span class='ocrx_word' id='word_1_340' title='bbox 1344 4091 1433 4144; x_wconf 67' lang='lat' dir='ltr'><strong>mus</strong></span> 
     </span>
     <span class='ocr_line' id='line_1_37' title="bbox 289 4171 1432 4246; baseline 0.003 -18"><span class='ocrx_word' id='word_1_341' title='bbox 289 4191 347 4243; x_wconf 85' lang='lat' dir='ltr'><strong>sqq.</strong></span> <span class='ocrx_word' id='word_1_342' title='bbox 373 4174 456 4228; x_wconf 79' lang='lat' dir='ltr'><strong>Aliter</strong></span> <span class='ocrx_word' id='word_1_343' title='bbox 473 4177 499 4226; x_wconf 91' lang='lat' dir='ltr'><strong>in</strong></span> <span class='ocrx_word' id='word_1_344' title='bbox 516 4177 590 4228; x_wconf 82' lang='lat' dir='ltr'><strong>firma</strong></span> <span class='ocrx_word' id='word_1_345' title='bbox 607 4181 734 4242; x_wconf 82' lang='lat' dir='ltr'><strong>perpetua</strong></span> <span class='ocrx_word' id='word_1_346' title='bbox 764 4176 791 4226; x_wconf 92' lang='lat' dir='ltr'><strong>in</strong></span> <span class='ocrx_word' id='word_1_347' title='bbox 809 4175 869 4242; x_wconf 89' lang='lat' dir='ltr'><strong>dipl.</strong></span> <span class='ocrx_word' id='word_1_348' title='bbox 889 4175 922 4226; x_wconf 84' lang='lat' dir='ltr'><strong>sd</strong></span> <span class='ocrx_word' id='word_1_349' title='bbox 940 4191 964 4226; x_wconf 87' lang='lat' dir='ltr'><strong>a.</strong></span> <span class='ocrx_word' id='word_1_350' title='bbox 986 4171 1052 4228; x_wconf 80' lang='grc'><strong>1718</strong></span> <span class='ocrx_word' id='word_1_351' title='bbox 1079 4178 1175 4235; x_wconf 78' lang='lat' dir='ltr'><strong>libid.</strong></span> <span class='ocrx_word' id='word_1_352' title='bbox 1192 4196 1218 4246; x_wconf 92' lang='lat' dir='ltr'><strong>p.</strong></span> <span class='ocrx_word' id='word_1_353' title='bbox 1237 4177 1318 4240; x_wconf 91' lang='grc'><strong>7107)</strong></span> <span class='ocrx_word' id='word_1_354' title='bbox 1336 4181 1432 4231; x_wconf 87' lang='lat' dir='ltr'><strong>eonsti-</strong></span> 
     </span>
     <span class='ocr_line' id='line_1_38' title="bbox 288 4259 1433 4330; baseline 0.004 -16"><span class='ocrx_word' id='word_1_355' title='bbox 288 4263 384 4316; x_wconf 80' lang='lat' dir='ltr'><strong>tniturr</strong></span> <span class='ocrx_word' id='word_1_356' title='bbox 397 4261 524 4330; x_wconf 78' lang='lat' dir='ltr'><strong>praedicti</strong></span> <span class='ocrx_word' id='word_1_357' title='bbox 540 4279 599 4315; x_wconf 81' lang='lat' dir='ltr'><strong>vero</strong></span> <span class='ocrx_word' id='word_1_358' title='bbox 616 4261 694 4314; x_wconf 78' lang='lat' dir='ltr'><strong>obbas</strong></span> <span class='ocrx_word' id='word_1_359' title='bbox 711 4269 734 4313; x_wconf 83' lang='lat' dir='ltr'><strong>et</strong></span> <span class='ocrx_word' id='word_1_360' title='bbox 754 4269 889 4314; x_wconf 71' lang='lat' dir='ltr'><strong>emanatas</strong></span> <span class='ocrx_word' id='word_1_361' title='bbox 899 4259 1004 4330; x_wconf 63' lang='lat' dir='ltr'><strong>adop</strong></span> <span class='ocrx_word' id='word_1_362' title='bbox 1021 4263 1107 4314; x_wconf 81' lang='lat' dir='ltr'><strong>omnio</strong></span> <span class='ocrx_word' id='word_1_363' title='bbox 1124 4281 1204 4317; x_wconf 77' lang='lat' dir='ltr'><strong>msera</strong></span> <span class='ocrx_word' id='word_1_364' title='bbox 1219 4265 1301 4317; x_wconf 82' lang='lat' dir='ltr'><strong>diotae</strong></span> <span class='ocrx_word' id='word_1_365' title='bbox 1317 4266 1433 4319; x_wconf 71' lang='lat' dir='ltr'><strong>eoetntoe</strong></span> 
     </span>
     <span class='ocr_line' id='line_1_39' title="bbox 288 4347 1432 4420; baseline 0.003 -20"><span class='ocrx_word' id='word_1_366' title='bbox 288 4347 320 4400; x_wconf 77' lang='lat' dir='ltr'><strong>do</strong></span> <span class='ocrx_word' id='word_1_367' title='bbox 337 4347 487 4402; x_wconf 74' lang='lat' dir='ltr'><strong>Liuebnrne</strong></span> <span class='ocrx_word' id='word_1_368' title='bbox 503 4348 637 4402; x_wconf 79' lang='lat' dir='ltr'><strong>ordinario</strong></span> <span class='ocrx_word' id='word_1_369' title='bbox 654 4356 677 4400; x_wconf 81' lang='lat' dir='ltr'><strong>et</strong></span> <span class='ocrx_word' id='word_1_370' title='bbox 695 4349 781 4401; x_wconf 67' lang='lat' dir='ltr'><strong>dedda</strong></span> <span class='ocrx_word' id='word_1_371' title='bbox 797 4350 847 4402; x_wconf 80' lang='lat' dir='ltr'><strong>eive</strong></span> <span class='ocrx_word' id='word_1_372' title='bbox 860 4366 911 4417; x_wconf 79' lang='lat' dir='ltr'><strong>per</strong></span> <span class='ocrx_word' id='word_1_373' title='bbox 927 4349 1054 4401; x_wconf 68' lang='lat' dir='ltr'><strong>nodedum</strong></span> <span class='ocrx_word' id='word_1_374' title='bbox 1069 4349 1176 4418; x_wconf 75' lang='lat' dir='ltr'><strong>repient,</strong></span> <span class='ocrx_word' id='word_1_375' title='bbox 1194 4352 1327 4420; x_wconf 75' lang='lat' dir='ltr'><strong>sinopes·</strong></span> <span class='ocrx_word' id='word_1_376' title='bbox 1341 4369 1432 4420; x_wconf 73' lang='lat' dir='ltr'><strong>puer-</strong></span> 
     </span>
     <span class='ocr_line' id='line_1_40' title="bbox 288 4435 1432 4505; baseline 0.007 -20"><span class='ocrx_word' id='word_1_377' title='bbox 288 4450 368 4498; x_wconf 79' lang='lat' dir='ltr'><strong>rnm.</strong></span> <span class='ocrx_word' id='word_1_378' title='bbox 393 4435 459 4488; x_wconf 74' lang='lat' dir='ltr'><strong>sios</strong></span> <span class='ocrx_word' id='word_1_379' title='bbox 480 4452 540 4504; x_wconf 79' lang='lat' dir='ltr'><strong>per</strong></span> <span class='ocrx_word' id='word_1_380' title='bbox 564 4436 665 4504; x_wconf 77' lang='lat' dir='ltr'><strong>ipnem</strong></span> <span class='ocrx_word' id='word_1_381' title='bbox 690 4436 723 4488; x_wconf 87' lang='lat' dir='ltr'><strong>in</strong></span> <span class='ocrx_word' id='word_1_382' title='bbox 750 4453 863 4489; x_wconf 80' lang='lat' dir='ltr'><strong>omnem</strong></span> <span class='ocrx_word' id='word_1_383' title='bbox 888 4444 1041 4499; x_wconf 78' lang='lat' dir='ltr'><strong>eventum,</strong></span> <span class='ocrx_word' id='word_1_384' title='bbox 1067 4436 1131 4505; x_wconf 74' lang='lat' dir='ltr'><strong>qnid</strong></span> <span class='ocrx_word' id='word_1_385' title='bbox 1155 4439 1251 4491; x_wconf 67' lang='lat' dir='ltr'><strong>maniat</strong></span> <span class='ocrx_word' id='word_1_386' title='bbox 1268 4439 1432 4493; x_wconf 63' lang='lat' dir='ltr'><strong>nntium</strong></span> 
     </span>
     <span class='ocr_line' id='line_1_41' title="bbox 289 4519 1433 4594; baseline 0.007 -22"><span class='ocrx_word' id='word_1_387' title='bbox 289 4519 400 4574; x_wconf 78' lang='lat' dir='ltr'><strong>Interitu</strong></span> <span class='ocrx_word' id='word_1_388' title='bbox 426 4524 464 4576; x_wconf 92' lang='lat' dir='ltr'><strong>rsi</strong></span> <span class='ocrx_word' id='word_1_389' title='bbox 489 4523 524 4575; x_wconf 84' lang='lat' dir='ltr'><strong>ad</strong></span> <span class='ocrx_word' id='word_1_390' title='bbox 541 4523 641 4574; x_wconf 82' lang='lat' dir='ltr'><strong>firmam</strong></span> <span class='ocrx_word' id='word_1_391' title='bbox 668 4524 744 4576; x_wconf 84' lang='lat' dir='ltr'><strong>datas</strong></span> <span class='ocrx_word' id='word_1_392' title='bbox 773 4524 873 4576; x_wconf 84' lang='lat' dir='ltr'><strong>firmam</strong></span> <span class='ocrx_word' id='word_1_393' title='bbox 902 4525 986 4591; x_wconf 85' lang='lat' dir='ltr'><strong>ipsam</strong></span> <span class='ocrx_word' id='word_1_394' title='bbox 1014 4526 1146 4591; x_wconf 75' lang='lat' dir='ltr'><strong>exstingui</strong></span> <span class='ocrx_word' id='word_1_395' title='bbox 1173 4529 1236 4579; x_wconf 86' lang='lat' dir='ltr'><strong>satis</strong></span> <span class='ocrx_word' id='word_1_396' title='bbox 1263 4531 1346 4594; x_wconf 84' lang='lat' dir='ltr'><strong>patet,</strong></span> <span class='ocrx_word' id='word_1_397' title='bbox 1371 4527 1433 4580; x_wconf 83' lang='lat' dir='ltr'><strong>lioot</strong></span> 
     </span>
     <span class='ocr_line' id='line_1_42' title="bbox 288 4609 1081 4680; baseline 0 -18"><span class='ocrx_word' id='word_1_398' title='bbox 288 4609 389 4662; x_wconf 75' lang='lat' dir='ltr'><strong>loeatm</strong></span> <span class='ocrx_word' id='word_1_399' title='bbox 417 4610 451 4662; x_wconf 87' lang='lat' dir='ltr'><strong>sd</strong></span> <span class='ocrx_word' id='word_1_400' title='bbox 469 4611 507 4677; x_wconf 84' lang='lat' dir='ltr'><strong>id,</strong></span> <span class='ocrx_word' id='word_1_401' title='bbox 525 4610 595 4677; x_wconf 92' lang='lat' dir='ltr'><strong>quod</strong></span> <span class='ocrx_word' id='word_1_402' title='bbox 612 4611 735 4676; x_wconf 79' lang='lat' dir='ltr'><strong>intererit,</strong></span> <span class='ocrx_word' id='word_1_403' title='bbox 752 4612 937 4680; x_wconf 80' lang='lat' dir='ltr'><strong>praestandum</strong></span> <span class='ocrx_word' id='word_1_404' title='bbox 955 4617 1081 4665; x_wconf 84' lang='lat' dir='ltr'><strong>teneatur.</strong></span> 
     </span>
    </p>
   </div>
   <div class='ocr_carea' id='block_1_10' title="bbox 0 0 1826 5268">
    <p class='ocr_par' dir='ltr' id='par_1_15' title="bbox 0 0 1826 5268">
     <span class='ocr_line' id='line_1_43' title="bbox 0 0 1826 5268; baseline 0 1"><span class='ocrx_word' id='word_1_405' title='bbox 0 0 1826 5268; x_wconf 95' lang='lat' dir='ltr'><strong> </strong></span> 
     </span>
    </p>
   </div>
  </div>
 </body>
</html>
