<?xml version="1.0" encoding="UTF-8"?>
<!DOCTYPE html PUBLIC "-//W3C//DTD XHTML 1.0 Transitional//EN"
    "http://www.w3.org/TR/xhtml1/DTD/xhtml1-transitional.dtd">
<html xmlns="http://www.w3.org/1999/xhtml" xml:lang="en" lang="en">
 <head>
  <title>
</title>
<meta http-equiv="Content-Type" content="text/html;charset=utf-8" />
  <meta name='ocr-system' content='tesseract 3.04.00' />
  <meta name='ocr-capabilities' content='ocr_page ocr_carea ocr_par ocr_line ocrx_word'/>
</head>
<body>
  <div class='ocr_page' id='page_1' title='image "./detransferendaa00wachgoog_0036.png"; bbox 0 0 3644 5268; ppageno 0'>
   <div class='ocr_carea' id='block_1_1' title="bbox 819 641 860 706">
    <p class='ocr_par' dir='ltr' id='par_1_1' title="bbox 819 641 860 706">
     <span class='ocr_line' id='line_1_1' title="bbox 819 641 860 706; baseline 0 0"><span class='ocrx_word' id='word_1_1' title='bbox 819 641 860 706; x_wconf 84' lang='lat'><strong>23</strong></span> 
     </span>
    </p>
   </div>
   <div class='ocr_carea' id='block_1_2' title="bbox 259 791 1411 2515">
    <p class='ocr_par' dir='ltr' id='par_1_2' title="bbox 259 791 1411 2515">
     <span class='ocr_line' id='line_1_2' title="bbox 269 791 1411 879; baseline 0.006 -22"><span class='ocrx_word' id='word_1_2' title='bbox 269 792 480 874; x_wconf 85' lang='lat' dir='ltr'><strong>immigrataru</strong></span> <span class='ocrx_word' id='word_1_3' title='bbox 514 810 594 870; x_wconf 92' lang='lat' dir='ltr'><strong>esso,</strong></span> <span class='ocrx_word' id='word_1_4' title='bbox 629 811 666 857; x_wconf 86' lang='lat' dir='ltr'><strong>er</strong></span> <span class='ocrx_word' id='word_1_5' title='bbox 689 791 783 856; x_wconf 91' lang='lat' dir='ltr'><strong>rebus</strong></span> <span class='ocrx_word' id='word_1_6' title='bbox 816 791 878 857; x_wconf 92' lang='lat' dir='ltr'><strong>illis</strong></span> <span class='ocrx_word' id='word_1_7' title='bbox 910 796 1106 875; x_wconf 84' lang='lat' dir='ltr'><strong>temporibus</strong></span> <span class='ocrx_word' id='word_1_8' title='bbox 1137 796 1235 879; x_wconf 89' lang='lat' dir='ltr'><strong>gestis</strong></span> <span class='ocrx_word' id='word_1_9' title='bbox 1262 803 1411 879; x_wconf 87' lang='lat' dir='ltr'><strong>arctaque</strong></span> 
     </span>
     <span class='ocr_line' id='line_1_3' title="bbox 266 893 1409 964; baseline 0.005 -6"><span class='ocrx_word' id='word_1_10' title='bbox 266 893 478 958; x_wconf 89' lang='lat' dir='ltr'><strong>Narmanniac</strong></span> <span class='ocrx_word' id='word_1_11' title='bbox 517 911 587 958; x_wconf 90' lang='lat' dir='ltr'><strong>cum</strong></span> <span class='ocrx_word' id='word_1_12' title='bbox 626 912 664 958; x_wconf 88' lang='lat' dir='ltr'><strong>ea</strong></span> <span class='ocrx_word' id='word_1_13' title='bbox 695 898 781 958; x_wconf 89' lang='lat' dir='ltr'><strong>terra</strong></span> <span class='ocrx_word' id='word_1_14' title='bbox 819 893 1035 962; x_wconf 85' lang='lat' dir='ltr'><strong>coniunctione</strong></span> <span class='ocrx_word' id='word_1_15' title='bbox 1074 895 1166 963; x_wconf 84' lang='lat' dir='ltr'><strong>facile</strong></span> <span class='ocrx_word' id='word_1_16' title='bbox 1204 899 1409 964; x_wconf 84' lang='lat' dir='ltr'>concluditur.</span> 
     </span>
     <span class='ocr_line' id='line_1_4' title="bbox 266 995 1408 1078; baseline 0.005 -18"><span class='ocrx_word' id='word_1_17' title='bbox 266 996 355 1072; x_wconf 84' lang='lat' dir='ltr'><strong>Quod</strong></span> <span class='ocrx_word' id='word_1_18' title='bbox 388 1013 425 1060; x_wconf 92' lang='lat' dir='ltr'><strong>eo</strong></span> <span class='ocrx_word' id='word_1_19' title='bbox 448 996 649 1060; x_wconf 85' lang='lat' dir='ltr'><strong>verisimilius</strong></span> <span class='ocrx_word' id='word_1_20' title='bbox 683 999 746 1072; x_wconf 87' lang='lat' dir='ltr'><strong>est,</strong></span> <span class='ocrx_word' id='word_1_21' title='bbox 780 1013 876 1076; x_wconf 89' lang='lat' dir='ltr'><strong>quum</strong></span> <span class='ocrx_word' id='word_1_22' title='bbox 897 995 1013 1063; x_wconf 89' lang='lat' dir='ltr'><strong>Latina</strong></span> <span class='ocrx_word' id='word_1_23' title='bbox 1040 1015 1115 1064; x_wconf 92' lang='lat' dir='ltr'><strong>voce</strong></span> <span class='ocrx_word' id='word_1_24' title='bbox 1137 998 1249 1078; x_wconf 71' lang='lat' dir='ltr'><strong>finitae</strong></span> <span class='ocrx_word' id='word_1_25' title='bbox 1281 1002 1344 1066; x_wconf 90' lang='lat' dir='ltr'><strong>iam</strong></span> <span class='ocrx_word' id='word_1_26' title='bbox 1377 1002 1408 1065; x_wconf 95' lang='lat' dir='ltr'><strong>in</strong></span> 
     </span>
     <span class='ocr_line' id='line_1_5' title="bbox 265 1095 1406 1183; baseline 0.008 -25"><span class='ocrx_word' id='word_1_27' title='bbox 265 1096 452 1182; x_wconf 71' lang='lat' dir='ltr'><strong>omraafirma</strong></span> <span class='ocrx_word' id='word_1_28' title='bbox 483 1100 654 1178; x_wconf 85' lang='lat' dir='ltr'><strong>pervagata</strong></span> <span class='ocrx_word' id='word_1_29' title='bbox 680 1096 842 1176; x_wconf 87' lang='lat' dir='ltr'><strong>adoptatio</strong></span> <span class='ocrx_word' id='word_1_30' title='bbox 869 1095 979 1164; x_wconf 89' lang='lat' dir='ltr'><strong>firmae</strong></span> <span class='ocrx_word' id='word_1_31' title='bbox 1001 1099 1078 1182; x_wconf 89' lang='lat' dir='ltr'><strong>(iem</strong></span> <span class='ocrx_word' id='word_1_32' title='bbox 1100 1100 1219 1166; x_wconf 91' lang='lat' dir='ltr'><strong>dudum</strong></span> <span class='ocrx_word' id='word_1_33' title='bbox 1240 1103 1406 1183; x_wconf 88' lang='lat' dir='ltr'><strong>principali</strong></span> 
     </span>
     <span class='ocr_line' id='line_1_6' title="bbox 266 1197 1408 1284; baseline 0.004 -18"><span class='ocrx_word' id='word_1_34' title='bbox 266 1200 333 1266; x_wconf 90' lang='lat' dir='ltr'><strong>eius</strong></span> <span class='ocrx_word' id='word_1_35' title='bbox 366 1217 461 1265; x_wconf 90' lang='lat' dir='ltr'><strong>sensu</strong></span> <span class='ocrx_word' id='word_1_36' title='bbox 493 1199 526 1263; x_wconf 95' lang='lat' dir='ltr'><strong>in</strong></span> <span class='ocrx_word' id='word_1_37' title='bbox 549 1197 703 1264; x_wconf 87' lang='lat' dir='ltr'><strong>oblivione</strong></span> <span class='ocrx_word' id='word_1_38' title='bbox 729 1198 852 1278; x_wconf 82' lang='lat' dir='ltr'><strong>abdito)</strong></span> <span class='ocrx_word' id='word_1_39' title='bbox 880 1198 1045 1267; x_wconf 87' lang='lat' dir='ltr'><strong>aGallicc</strong></span> <span class='ocrx_word' id='word_1_40' title='bbox 1076 1201 1184 1284; x_wconf 90' lang='lat' dir='ltr'><strong>lingue</strong></span> <span class='ocrx_word' id='word_1_41' title='bbox 1215 1223 1277 1268; x_wconf 91' lang='lat' dir='ltr'><strong>non</strong></span> <span class='ocrx_word' id='word_1_42' title='bbox 1304 1205 1408 1270; x_wconf 91' lang='lat' dir='ltr'><strong>aliena</strong></span> 
     </span>
     <span class='ocr_line' id='line_1_7' title="bbox 265 1301 1406 1390; baseline 0.004 -22"><span class='ocrx_word' id='word_1_43' title='bbox 265 1304 431 1370; x_wconf 89' lang='lat' dir='ltr'><strong>videretur.</strong></span> <span class='ocrx_word' id='word_1_44' title='bbox 476 1302 531 1368; x_wconf 88' lang='lat' dir='ltr'><strong>Sin</strong></span> <span class='ocrx_word' id='word_1_45' title='bbox 559 1306 665 1368; x_wconf 89' lang='lat' dir='ltr'><strong>autem</strong></span> <span class='ocrx_word' id='word_1_46' title='bbox 697 1302 827 1368; x_wconf 88' lang='lat' dir='ltr'><strong>verbum</strong></span> <span class='ocrx_word' id='word_1_47' title='bbox 859 1301 969 1368; x_wconf 92' lang='lat' dir='ltr'><strong>firmae</strong></span> <span class='ocrx_word' id='word_1_48' title='bbox 1001 1303 1034 1368; x_wconf 92' lang='lat' dir='ltr'><strong>in</strong></span> <span class='ocrx_word' id='word_1_49' title='bbox 1057 1302 1252 1372; x_wconf 88' lang='lat' dir='ltr'><strong>Germanicis</strong></span> <span class='ocrx_word' id='word_1_50' title='bbox 1281 1326 1406 1390; x_wconf 87' lang='lat' dir='ltr'><strong>quoque</strong></span> 
     </span>
     <span class='ocr_line' id='line_1_8' title="bbox 266 1405 1406 1488; baseline 0.002 -16"><span class='ocrx_word' id='word_1_51' title='bbox 266 1407 446 1488; x_wconf 87' lang='lat' dir='ltr'><strong>diplomatis</strong></span> <span class='ocrx_word' id='word_1_52' title='bbox 467 1405 557 1471; x_wconf 92' lang='lat' dir='ltr'><strong>nobis</strong></span> <span class='ocrx_word' id='word_1_53' title='bbox 579 1410 738 1485; x_wconf 87' lang='lat' dir='ltr'><strong>occurrat,</strong></span> <span class='ocrx_word' id='word_1_54' title='bbox 765 1405 825 1470; x_wconf 89' lang='lat' dir='ltr'><strong>hac</strong></span> <span class='ocrx_word' id='word_1_55' title='bbox 845 1425 881 1471; x_wconf 92' lang='lat' dir='ltr'><strong>re</strong></span> <span class='ocrx_word' id='word_1_56' title='bbox 902 1423 964 1470; x_wconf 93' lang='lat' dir='ltr'><strong>non</strong></span> <span class='ocrx_word' id='word_1_57' title='bbox 985 1405 1151 1486; x_wconf 82' lang='lat' dir='ltr'><strong>probatur,</strong></span> <span class='ocrx_word' id='word_1_58' title='bbox 1175 1408 1257 1474; x_wconf 93' lang='lat' dir='ltr'><strong>idem</strong></span> <span class='ocrx_word' id='word_1_59' title='bbox 1280 1410 1312 1474; x_wconf 91' lang='lat' dir='ltr'><strong>id</strong></span> <span class='ocrx_word' id='word_1_60' title='bbox 1335 1429 1406 1476; x_wconf 89' lang='lat' dir='ltr'><strong>esse</strong></span> 
     </span>
     <span class='ocr_line' id='line_1_9' title="bbox 264 1506 1404 1594; baseline 0.001 -20"><span class='ocrx_word' id='word_1_61' title='bbox 264 1509 441 1590; x_wconf 90' lang='lat' dir='ltr'><strong>ibidemque</strong></span> <span class='ocrx_word' id='word_1_62' title='bbox 452 1508 642 1589; x_wconf 88' lang='lat' dir='ltr'><strong>indigenum.</strong></span> <span class='ocrx_word' id='word_1_63' title='bbox 672 1506 753 1584; x_wconf 86' lang='lat' dir='ltr'><strong>Quin</strong></span> <span class='ocrx_word' id='word_1_64' title='bbox 770 1507 866 1570; x_wconf 90' lang='lat' dir='ltr'><strong>etiarn</strong></span> <span class='ocrx_word' id='word_1_65' title='bbox 877 1507 1012 1572; x_wconf 88' lang='lat' dir='ltr'><strong>dilucide</strong></span> <span class='ocrx_word' id='word_1_66' title='bbox 1024 1507 1146 1572; x_wconf 91' lang='lat' dir='ltr'><strong>duobus</strong></span> <span class='ocrx_word' id='word_1_67' title='bbox 1158 1508 1355 1575; x_wconf 89' lang='lat' dir='ltr'><strong>documentis</strong></span> <span class='ocrx_word' id='word_1_68' title='bbox 1366 1513 1404 1594; x_wconf 75' lang='lat'><strong>⁸⁰)</strong></span> 
     </span>
     <span class='ocr_line' id='line_1_10' title="bbox 264 1607 1406 1694; baseline 0.001 -18"><span class='ocrx_word' id='word_1_69' title='bbox 264 1629 344 1676; x_wconf 88' lang='lat' dir='ltr'><strong>saec.</strong></span> <span class='ocrx_word' id='word_1_70' title='bbox 357 1609 436 1675; x_wconf 86' lang='lat' dir='ltr'>XIII</span> <span class='ocrx_word' id='word_1_71' title='bbox 448 1609 603 1688; x_wconf 84' lang='lat' dir='ltr'><strong>docemur,</strong></span> <span class='ocrx_word' id='word_1_72' title='bbox 622 1607 754 1692; x_wconf 79' lang='lat' dir='ltr'><strong>firarem</strong></span> <span class='ocrx_word' id='word_1_73' title='bbox 765 1626 835 1673; x_wconf 89' lang='lat' dir='ltr'><strong>esse</strong></span> <span class='ocrx_word' id='word_1_74' title='bbox 847 1627 953 1674; x_wconf 88' lang='lat' dir='ltr'><strong>vocem</strong></span> <span class='ocrx_word' id='word_1_75' title='bbox 965 1609 1164 1690; x_wconf 79' lang='lat' dir='ltr'><strong>peregrinam</strong></span> <span class='ocrx_word' id='word_1_76' title='bbox 1182 1611 1406 1694; x_wconf 87' lang='lat' dir='ltr'><strong>rarissimoque</strong></span> 
     </span>
     <span class='ocr_line' id='line_1_11' title="bbox 262 1709 1405 1796; baseline 0 -18"><span class='ocrx_word' id='word_1_77' title='bbox 262 1717 456 1794; x_wconf 80' lang='lat' dir='ltr'><strong>usurpatam,</strong></span> <span class='ocrx_word' id='word_1_78' title='bbox 480 1730 576 1794; x_wconf 88' lang='lat' dir='ltr'><strong>quum</strong></span> <span class='ocrx_word' id='word_1_79' title='bbox 593 1709 813 1776; x_wconf 80' lang='lat' dir='ltr'><strong>contrahentes</strong></span> <span class='ocrx_word' id='word_1_80' title='bbox 835 1710 885 1776; x_wconf 86' lang='lat' dir='ltr'><strong>rel</strong></span> <span class='ocrx_word' id='word_1_81' title='bbox 907 1710 1093 1776; x_wconf 82' lang='lat' dir='ltr'><strong>tabelliones</strong></span> <span class='ocrx_word' id='word_1_82' title='bbox 1106 1729 1175 1776; x_wconf 89' lang='lat' dir='ltr'><strong>earn</strong></span> <span class='ocrx_word' id='word_1_83' title='bbox 1198 1712 1261 1776; x_wconf 90' lang='lat' dir='ltr'><strong>alie</strong></span> <span class='ocrx_word' id='word_1_84' title='bbox 1282 1713 1405 1796; x_wconf 83' lang='lat' dir='ltr'><strong>vulgari</strong></span> 
     </span>
     <span class='ocr_line' id='line_1_12' title="bbox 259 1813 1404 1900; baseline 0.003 -22"><span class='ocrx_word' id='word_1_85' title='bbox 259 1815 339 1900; x_wconf 76' lang='lat' dir='ltr'><strong>placa</strong></span> <span class='ocrx_word' id='word_1_86' title='bbox 361 1814 512 1895; x_wconf 82' lang='lat' dir='ltr'><strong>explicari</strong></span> <span class='ocrx_word' id='word_1_87' title='bbox 534 1832 663 1881; x_wconf 89' lang='lat' dir='ltr'><strong>necesse</strong></span> <span class='ocrx_word' id='word_1_88' title='bbox 678 1817 835 1895; x_wconf 86' lang='lat' dir='ltr'><strong>putarent.</strong></span> <span class='ocrx_word' id='word_1_89' title='bbox 858 1813 1090 1879; x_wconf 82' lang='lat' dir='ltr'><strong>Adminiculnm</strong></span> <span class='ocrx_word' id='word_1_90' title='bbox 1113 1820 1219 1880; x_wconf 91' lang='lat' dir='ltr'><strong>autem</strong></span> <span class='ocrx_word' id='word_1_91' title='bbox 1235 1815 1404 1898; x_wconf 86' lang='lat' dir='ltr'><strong>quoddam,</strong></span> 
     </span>
     <span class='ocr_line' id='line_1_13' title="bbox 264 1915 1406 2002; baseline -0.001 -18"><span class='ocrx_word' id='word_1_92' title='bbox 264 1920 549 2002; x_wconf 83' lang='lat' dir='ltr'><strong>quamvisparvum</strong></span> <span class='ocrx_word' id='word_1_93' title='bbox 561 1917 612 1998; x_wconf 80' lang='lat' dir='ltr'><strong>sit,</strong></span> <span class='ocrx_word' id='word_1_94' title='bbox 634 1915 842 1997; x_wconf 82' lang='lat' dir='ltr'><strong>intellegendi,</strong></span> <span class='ocrx_word' id='word_1_95' title='bbox 857 1915 1012 1997; x_wconf 90' lang='lat' dir='ltr'><strong>quomodo</strong></span> <span class='ocrx_word' id='word_1_96' title='bbox 1024 1916 1114 1982; x_wconf 86' lang='lat' dir='ltr'><strong>firma</strong></span> <span class='ocrx_word' id='word_1_97' title='bbox 1126 1917 1180 1982; x_wconf 87' lang='lat' dir='ltr'><strong>illa</strong></span> <span class='ocrx_word' id='word_1_98' title='bbox 1191 1917 1223 1981; x_wconf 91' lang='lat' dir='ltr'><strong>in</strong></span> <span class='ocrx_word' id='word_1_99' title='bbox 1235 1917 1406 1983; x_wconf 80' lang='lat' dir='ltr'><strong>Germania</strong></span> 
     </span>
     <span class='ocr_line' id='line_1_14' title="bbox 264 2015 1404 2104; baseline -0.002 -17"><span class='ocrx_word' id='word_1_100' title='bbox 264 2023 362 2104; x_wconf 87' lang='lat' dir='ltr'><strong>recipi</strong></span> <span class='ocrx_word' id='word_1_101' title='bbox 394 2021 509 2104; x_wconf 85' lang='lat' dir='ltr'><strong>possit,</strong></span> <span class='ocrx_word' id='word_1_102' title='bbox 541 2025 607 2084; x_wconf 91' lang='lat' dir='ltr'><strong>tres</strong></span> <span class='ocrx_word' id='word_1_103' title='bbox 634 2017 738 2084; x_wconf 89' lang='lat' dir='ltr'><strong>bullae</strong></span> <span class='ocrx_word' id='word_1_104' title='bbox 771 2036 939 2098; x_wconf 84' lang='lat' dir='ltr'><strong>paparum,</strong></span> <span class='ocrx_word' id='word_1_105' title='bbox 972 2015 1145 2084; x_wconf 82' lang='lat' dir='ltr'><strong>Clementis</strong></span> <span class='ocrx_word' id='word_1_106' title='bbox 1173 2019 1281 2102; x_wconf 78' lang='lat' dir='ltr'><strong>lV⁸&#39;),</strong></span> <span class='ocrx_word' id='word_1_107' title='bbox 1317 2021 1404 2086; x_wconf 88' lang='lat' dir='ltr'><strong>Mar·</strong></span> 
     </span>
     <span class='ocr_line' id='line_1_15' title="bbox 265 2119 1405 2204; baseline -0.003 -13"><span class='ocrx_word' id='word_1_108' title='bbox 265 2126 324 2191; x_wconf 90' lang='lat' dir='ltr'><strong>tini</strong></span> <span class='ocrx_word' id='word_1_109' title='bbox 345 2125 362 2190; x_wconf 94' lang='lat'>1</span> <span class='ocrx_word' id='word_1_110' title='bbox 398 2125 454 2204; x_wconf 77' lang='lat'><strong>⁸⁸),</strong></span> <span class='ocrx_word' id='word_1_111' title='bbox 487 2121 607 2188; x_wconf 90' lang='lat' dir='ltr'><strong>Nicolai</strong></span> <span class='ocrx_word' id='word_1_112' title='bbox 625 2120 719 2198; x_wconf 76' lang='lat' dir='ltr'><strong>1v⁸⁹)</strong></span> <span class='ocrx_word' id='word_1_113' title='bbox 741 2120 907 2200; x_wconf 83' lang='lat' dir='ltr'><strong>praebent,</strong></span> <span class='ocrx_word' id='word_1_114' title='bbox 944 2137 1026 2201; x_wconf 85' lang='lat' dir='ltr'><strong>quae</strong></span> <span class='ocrx_word' id='word_1_115' title='bbox 1054 2139 1162 2186; x_wconf 89' lang='lat' dir='ltr'><strong>omnes</strong></span> <span class='ocrx_word' id='word_1_116' title='bbox 1184 2119 1250 2187; x_wconf 88' lang='lat' dir='ltr'><strong>fere</strong></span> <span class='ocrx_word' id='word_1_117' title='bbox 1272 2123 1313 2187; x_wconf 90' lang='lat' dir='ltr'><strong>ad</strong></span> <span class='ocrx_word' id='word_1_118' title='bbox 1334 2141 1405 2188; x_wconf 83' lang='lat' dir='ltr'><strong>ver·</strong></span> 
     </span>
     <span class='ocr_line' id='line_1_16' title="bbox 264 2221 1403 2304; baseline -0.004 -10"><span class='ocrx_word' id='word_1_119' title='bbox 264 2228 339 2294; x_wconf 92' lang='lat' dir='ltr'><strong>bum</strong></span> <span class='ocrx_word' id='word_1_120' title='bbox 362 2247 400 2294; x_wconf 86' lang='lat' dir='ltr'><strong>ex</strong></span> <span class='ocrx_word' id='word_1_121' title='bbox 426 2225 513 2292; x_wconf 94' lang='lat' dir='ltr'><strong>bulla</strong></span> <span class='ocrx_word' id='word_1_122' title='bbox 534 2221 710 2288; x_wconf 87' lang='lat' dir='ltr'><strong>innocentii</strong></span> <span class='ocrx_word' id='word_1_123' title='bbox 731 2221 776 2286; x_wconf 88' lang='lat' dir='ltr'><strong>lv</strong></span> <span class='ocrx_word' id='word_1_124' title='bbox 798 2240 818 2286; x_wconf 91' lang='lat' dir='ltr'><strong>a</strong></span> <span class='ocrx_word' id='word_1_125' title='bbox 841 2221 924 2289; x_wconf 79' lang='lat'>1250</span> <span class='ocrx_word' id='word_1_126' title='bbox 951 2221 983 2285; x_wconf 91' lang='lat' dir='ltr'><strong>in</strong></span> <span class='ocrx_word' id='word_1_127' title='bbox 1005 2221 1152 2304; x_wconf 82' lang='lat' dir='ltr'><strong>Angliam</strong></span> <span class='ocrx_word' id='word_1_128' title='bbox 1179 2224 1325 2302; x_wconf 72' lang='lat' dir='ltr'><strong>missa’0)</strong></span> <span class='ocrx_word' id='word_1_129' title='bbox 1348 2226 1403 2290; x_wconf 90' lang='lat' dir='ltr'><strong>dc·</strong></span> 
     </span>
     <span class='ocr_line' id='line_1_17' title="bbox 267 2323 1404 2412; baseline -0.004 -16"><span class='ocrx_word' id='word_1_130' title='bbox 267 2331 402 2412; x_wconf 84' lang='lat' dir='ltr'><strong>scriptae</strong></span> <span class='ocrx_word' id='word_1_131' title='bbox 434 2332 468 2394; x_wconf 90' lang='lat' dir='ltr'><strong>et</strong></span> <span class='ocrx_word' id='word_1_132' title='bbox 501 2326 542 2392; x_wconf 90' lang='lat' dir='ltr'><strong>ad</strong></span> <span class='ocrx_word' id='word_1_133' title='bbox 570 2324 795 2390; x_wconf 87' lang='lat' dir='ltr'><strong>monasterium</strong></span> <span class='ocrx_word' id='word_1_134' title='bbox 823 2323 862 2390; x_wconf 91' lang='lat' dir='ltr'><strong>de</strong></span> <span class='ocrx_word' id='word_1_135' title='bbox 890 2323 1025 2406; x_wconf 88' lang='lat' dir='ltr'><strong>Cymern</strong></span> <span class='ocrx_word' id='word_1_136' title='bbox 1055 2331 1088 2390; x_wconf 88' lang='lat' dir='ltr'><strong>et</strong></span> <span class='ocrx_word' id='word_1_137' title='bbox 1116 2326 1155 2391; x_wconf 89' lang='lat' dir='ltr'><strong>de</strong></span> <span class='ocrx_word' id='word_1_138' title='bbox 1176 2326 1404 2392; x_wconf 84' lang='lat' dir='ltr'><strong>Rebenhausen</strong></span> 
     </span>
     <span class='ocr_line' id='line_1_18' title="bbox 265 2425 1222 2515; baseline -0.008 -15"><span class='ocrx_word' id='word_1_139' title='bbox 265 2432 456 2515; x_wconf 87' lang='lat' dir='ltr'><strong>compositae</strong></span> <span class='ocrx_word' id='word_1_140' title='bbox 478 2433 560 2494; x_wconf 83' lang='lat' dir='ltr'><strong>sunt.</strong></span> <span class='ocrx_word' id='word_1_141' title='bbox 607 2427 730 2492; x_wconf 83' lang='lat' dir='ltr'><strong>Allatas</strong></span> <span class='ocrx_word' id='word_1_142' title='bbox 752 2426 814 2491; x_wconf 87' lang='lat' dir='ltr'><strong>vid.</strong></span> <span class='ocrx_word' id='word_1_143' title='bbox 837 2425 869 2490; x_wconf 94' lang='lat' dir='ltr'><strong>in</strong></span> <span class='ocrx_word' id='word_1_144' title='bbox 891 2426 1116 2494; x_wconf 86' lang='lat' dir='ltr'><strong>additamentis</strong></span> <span class='ocrx_word' id='word_1_145' title='bbox 1138 2429 1171 2494; x_wconf 94' lang='lat' dir='ltr'><strong>ll</strong></span> <span class='ocrx_word' id='word_1_146' title='bbox 1193 2447 1222 2493; x_wconf 89' lang='lat' dir='ltr'><strong>a.</strong></span> 
     </span>
    </p>
   </div>
   <div class='ocr_carea' id='block_1_3' title="bbox 349 2545 1406 2629">
    <p class='ocr_par' dir='ltr' id='par_1_3' title="bbox 349 2545 1406 2629">
     <span class='ocr_line' id='line_1_19' title="bbox 349 2545 1406 2629; baseline -0.002 -15"><span class='ocrx_word' id='word_1_147' title='bbox 349 2549 439 2628; x_wconf 84' lang='lat' dir='ltr'><strong>Quod</strong></span> <span class='ocrx_word' id='word_1_148' title='bbox 457 2547 485 2613; x_wconf 92' lang='lat' dir='ltr'><strong>si</strong></span> <span class='ocrx_word' id='word_1_149' title='bbox 507 2548 585 2612; x_wconf 90' lang='lat' dir='ltr'><strong>haec</strong></span> <span class='ocrx_word' id='word_1_150' title='bbox 607 2545 905 2625; x_wconf 88' lang='lat' dir='ltr'><strong>omniaLippertius</strong></span> <span class='ocrx_word' id='word_1_151' title='bbox 925 2563 1036 2624; x_wconf 86' lang='lat' dir='ltr'><strong>pamm</strong></span> <span class='ocrx_word' id='word_1_152' title='bbox 1053 2546 1237 2628; x_wconf 73' lang='lat' dir='ltr'><strong>ignorasset</strong></span> <span class='ocrx_word' id='word_1_153' title='bbox 1260 2549 1406 2629; x_wconf 90' lang='lat' dir='ltr'><strong>equidem</strong></span> 
     </span>
    </p>
   </div>
   <div class='ocr_carea' id='block_1_4' title="bbox 260 2646 1404 3342">
    <p class='ocr_par' dir='ltr' id='par_1_4' title="bbox 260 2646 1404 3342">
     <span class='ocr_line' id='line_1_20' title="bbox 264 2646 1404 2732; baseline -0.005 -13"><span class='ocrx_word' id='word_1_154' title='bbox 264 2652 393 2731; x_wconf 75' lang='lat' dir='ltr'><strong>confido,</strong></span> <span class='ocrx_word' id='word_1_155' title='bbox 416 2652 519 2732; x_wconf 91' lang='lat' dir='ltr'><strong>ipsum</strong></span> <span class='ocrx_word' id='word_1_156' title='bbox 543 2648 699 2728; x_wconf 90' lang='lat' dir='ltr'><strong>opinionis</strong></span> <span class='ocrx_word' id='word_1_157' title='bbox 721 2663 798 2710; x_wconf 89' lang='lat' dir='ltr'><strong>suae</strong></span> <span class='ocrx_word' id='word_1_158' title='bbox 820 2646 981 2710; x_wconf 85' lang='lat' dir='ltr'><strong>levitatem</strong></span> <span class='ocrx_word' id='word_1_159' title='bbox 992 2648 1199 2727; x_wconf 85' lang='lat' dir='ltr'><strong>perspexisse.</strong></span> <span class='ocrx_word' id='word_1_160' title='bbox 1234 2649 1281 2713; x_wconf 84' lang='lat' dir='ltr'><strong>iio</strong></span> <span class='ocrx_word' id='word_1_161' title='bbox 1304 2651 1404 2730; x_wconf 90' lang='lat' dir='ltr'><strong>magis</strong></span> 
     </span>
     <span class='ocr_line' id='line_1_21' title="bbox 264 2747 1403 2830; baseline -0.005 -13"><span class='ocrx_word' id='word_1_162' title='bbox 264 2754 393 2830; x_wconf 77' lang='lat' dir='ltr'><strong>misere,</strong></span> <span class='ocrx_word' id='word_1_163' title='bbox 430 2750 546 2812; x_wconf 88' lang='lat' dir='ltr'><strong>nostris</strong></span> <span class='ocrx_word' id='word_1_164' title='bbox 574 2747 768 2826; x_wconf 88' lang='lat' dir='ltr'><strong>temporibus</strong></span> <span class='ocrx_word' id='word_1_165' title='bbox 790 2747 923 2810; x_wconf 84' lang='lat' dir='ltr'><strong>alterurn</strong></span> <span class='ocrx_word' id='word_1_166' title='bbox 952 2765 1077 2825; x_wconf 73' lang='lat' dir='ltr'><strong>(putrique</strong></span> <span class='ocrx_word' id='word_1_167' title='bbox 1100 2753 1133 2809; x_wconf 87' lang='lat' dir='ltr'><strong>ct</strong></span> <span class='ocrx_word' id='word_1_168' title='bbox 1154 2750 1403 2812; x_wconf 83' lang='lat' dir='ltr'><strong>errulitissirnarn</strong></span> 
     </span>
     <span class='ocr_line' id='line_1_22' title="bbox 262 2845 1404 2929; baseline -0.008 -8"><span class='ocrx_word' id='word_1_169' title='bbox 262 2856 370 2921; x_wconf 84' lang='lat' dir='ltr'><strong>lCtum</strong></span> <span class='ocrx_word' id='word_1_170' title='bbox 393 2853 430 2916; x_wconf 93' lang='lat' dir='ltr'><strong>B.</strong></span> <span class='ocrx_word' id='word_1_171' title='bbox 447 2845 773 2928; x_wconf 83' lang='lat' dir='ltr'><strong>Schillingium⁰¹)</strong></span> <span class='ocrx_word' id='word_1_172' title='bbox 796 2845 961 2910; x_wconf 90' lang='lat' dir='ltr'><strong>incudem</strong></span> <span class='ocrx_word' id='word_1_173' title='bbox 984 2864 1090 2912; x_wconf 89' lang='lat' dir='ltr'><strong>errore</strong></span> <span class='ocrx_word' id='word_1_174' title='bbox 1113 2849 1241 2926; x_wconf 85' lang='lat' dir='ltr'><strong>versari,</strong></span> <span class='ocrx_word' id='word_1_175' title='bbox 1264 2849 1404 2929; x_wconf 88' lang='lat' dir='ltr'><strong>quinon</strong></span> 
     </span>
     <span class='ocr_line' id='line_1_23' title="bbox 261 2945 1403 3031; baseline -0.007 -8"><span class='ocrx_word' id='word_1_176' title='bbox 261 2963 326 3023; x_wconf 88' lang='lat' dir='ltr'><strong>tam</strong></span> <span class='ocrx_word' id='word_1_177' title='bbox 358 2953 449 3020; x_wconf 87' lang='lat' dir='ltr'><strong>novis</strong></span> <span class='ocrx_word' id='word_1_178' title='bbox 482 2948 677 3031; x_wconf 81' lang='lat' dir='ltr'><strong>argumentis</strong></span> <span class='ocrx_word' id='word_1_179' title='bbox 715 2966 809 3028; x_wconf 89' lang='lat' dir='ltr'><strong>quam</strong></span> <span class='ocrx_word' id='word_1_180' title='bbox 839 2945 995 3028; x_wconf 87' lang='lat' dir='ltr'><strong>Lippertii</strong></span> <span class='ocrx_word' id='word_1_181' title='bbox 1027 2949 1214 3014; x_wconf 89' lang='lat' dir='ltr'><strong>auctoritate</strong></span> <span class='ocrx_word' id='word_1_182' title='bbox 1247 2949 1403 3016; x_wconf 87' lang='lat' dir='ltr'><strong>innititur.</strong></span> 
     </span>
     <span class='ocr_line' id='line_1_24' title="bbox 260 3049 1402 3142; baseline -0.007 -17"><span class='ocrx_word' id='word_1_183' title='bbox 260 3060 356 3142; x_wconf 81' lang='lat' dir='ltr'><strong>Cujus</strong></span> <span class='ocrx_word' id='word_1_184' title='bbox 379 3060 485 3122; x_wconf 89' lang='lat' dir='ltr'><strong>utrum</strong></span> <span class='ocrx_word' id='word_1_185' title='bbox 507 3050 735 3132; x_wconf 85' lang='lat' dir='ltr'><strong>interpretandi</strong></span> <span class='ocrx_word' id='word_1_186' title='bbox 756 3049 909 3114; x_wconf 90' lang='lat' dir='ltr'><strong>rationem</strong></span> <span class='ocrx_word' id='word_1_187' title='bbox 937 3050 1071 3128; x_wconf 89' lang='lat' dir='ltr'><strong>probare</strong></span> <span class='ocrx_word' id='word_1_188' title='bbox 1093 3051 1240 3132; x_wconf 81' lang='lat' dir='ltr'><strong>voluerit,</strong></span> <span class='ocrx_word' id='word_1_189' title='bbox 1275 3071 1316 3116; x_wconf 89' lang='lat' dir='ltr'><strong>an</strong></span> <span class='ocrx_word' id='word_1_190' title='bbox 1338 3071 1402 3117; x_wconf 93' lang='lat' dir='ltr'><strong>non</strong></span> 
     </span>
     <span class='ocr_line' id='line_1_25' title="bbox 262 3151 1402 3236; baseline -0.007 -8"><span class='ocrx_word' id='word_1_191' title='bbox 262 3161 440 3228; x_wconf 86' lang='lat' dir='ltr'><strong>examinata</strong></span> <span class='ocrx_word' id='word_1_192' title='bbox 460 3177 499 3222; x_wconf 90' lang='lat' dir='ltr'><strong>ca</strong></span> <span class='ocrx_word' id='word_1_193' title='bbox 515 3155 578 3221; x_wconf 91' lang='lat' dir='ltr'><strong>iarn</strong></span> <span class='ocrx_word' id='word_1_194' title='bbox 590 3155 622 3220; x_wconf 93' lang='lat' dir='ltr'><strong>in</strong></span> <span class='ocrx_word' id='word_1_195' title='bbox 634 3153 731 3220; x_wconf 85' lang='lat' dir='ltr'><strong>verba</strong></span> <span class='ocrx_word' id='word_1_196' title='bbox 745 3151 888 3234; x_wconf 87' lang='lat' dir='ltr'><strong>magistri</strong></span> <span class='ocrx_word' id='word_1_197' title='bbox 899 3151 1058 3233; x_wconf 86' lang='lat' dir='ltr'><strong>iuraverit,</strong></span> <span class='ocrx_word' id='word_1_198' title='bbox 1081 3153 1113 3218; x_wconf 93' lang='lat' dir='ltr'><strong>in</strong></span> <span class='ocrx_word' id='word_1_199' title='bbox 1128 3155 1232 3220; x_wconf 92' lang='lat' dir='ltr'><strong>medio</strong></span> <span class='ocrx_word' id='word_1_200' title='bbox 1247 3154 1402 3236; x_wconf 88' lang='lat' dir='ltr'><strong>relinquo.</strong></span> 
     </span>
     <span class='ocr_line' id='line_1_26' title="bbox 261 3255 1402 3342; baseline -0.007 -10"><span class='ocrx_word' id='word_1_201' title='bbox 261 3267 351 3332; x_wconf 89' lang='lat' dir='ltr'><strong>Illam</strong></span> <span class='ocrx_word' id='word_1_202' title='bbox 373 3267 480 3330; x_wconf 89' lang='lat' dir='ltr'><strong>autem</strong></span> <span class='ocrx_word' id='word_1_203' title='bbox 501 3259 670 3326; x_wconf 85' lang='lat' dir='ltr'><strong>refutatam</strong></span> <span class='ocrx_word' id='word_1_204' title='bbox 692 3257 870 3340; x_wconf 90' lang='lat' dir='ltr'><strong>opinionem</strong></span> <span class='ocrx_word' id='word_1_205' title='bbox 892 3255 954 3320; x_wconf 89' lang='lat' dir='ltr'><strong>iam</strong></span> <span class='ocrx_word' id='word_1_206' title='bbox 977 3256 1402 3342; x_wconf 80' lang='lat' dir='ltr'><strong>apudHalthausium⁹²)</strong></span> 
     </span>
    </p>
   </div>
   <div class='ocr_carea' id='block_1_5' title="bbox 260 3498 1403 3832">
    <p class='ocr_par' dir='ltr' id='par_1_5' title="bbox 260 3498 1403 3832">
     <span class='ocr_line' id='line_1_27' title="bbox 326 3498 1403 3571; baseline -0.005 -14"><span class='ocrx_word' id='word_1_207' title='bbox 326 3501 372 3571; x_wconf 80' lang='grc'><strong>86)</strong></span> <span class='ocrx_word' id='word_1_208' title='bbox 390 3504 460 3570; x_wconf 88' lang='lat' dir='ltr'><strong>Dipl.</strong></span> <span class='ocrx_word' id='word_1_209' title='bbox 478 3519 502 3554; x_wconf 83' lang='lat' dir='ltr'><strong>a.</strong></span> <span class='ocrx_word' id='word_1_210' title='bbox 523 3498 590 3554; x_wconf 76' lang='lat' dir='ltr'><strong>lana</strong></span> <span class='ocrx_word' id='word_1_211' title='bbox 607 3501 667 3552; x_wconf 84' lang='lat' dir='ltr'><strong>Kal.</strong></span> <span class='ocrx_word' id='word_1_212' title='bbox 685 3501 802 3551; x_wconf 78' lang='lat' dir='ltr'><strong>laeuam:</strong></span> <span class='ocrx_word' id='word_1_213' title='bbox 820 3499 851 3549; x_wconf 83' lang='lat' dir='ltr'><strong>de</strong></span> <span class='ocrx_word' id='word_1_214' title='bbox 868 3498 1037 3550; x_wconf 70' lang='lat' dir='ltr'><strong>cerereaereio</strong></span> <span class='ocrx_word' id='word_1_215' title='bbox 1054 3499 1109 3552; x_wconf 87' lang='lat' dir='ltr'><strong>coll.</strong></span> <span class='ocrx_word' id='word_1_216' title='bbox 1128 3517 1186 3550; x_wconf 82' lang='lat' dir='ltr'><strong>eam</strong></span> <span class='ocrx_word' id='word_1_217' title='bbox 1194 3501 1350 3568; x_wconf 80' lang='lat' dir='ltr'><strong>Eppsteiaiis</strong></span> <span class='ocrx_word' id='word_1_218' title='bbox 1367 3500 1403 3552; x_wconf 75' lang='lat' dir='ltr'><strong>ad</strong></span> 
     </span>
     <span class='ocr_line' id='line_1_28' title="bbox 260 3585 1400 3654; baseline -0.007 -8"><span class='ocrx_word' id='word_1_219' title='bbox 260 3592 418 3646; x_wconf 77' lang='lat' dir='ltr'><strong>omremde&#39;em</strong></span> <span class='ocrx_word' id='word_1_220' title='bbox 435 3589 488 3642; x_wconf 85' lang='lat' dir='ltr'><strong>red.</strong></span> <span class='ocrx_word' id='word_1_221' title='bbox 507 3589 533 3639; x_wconf 84' lang='lat' dir='ltr'><strong>in</strong></span> <span class='ocrx_word' id='word_1_222' title='bbox 550 3589 603 3640; x_wconf 82' lang='lat' dir='ltr'><strong>vol.</strong></span> <span class='ocrx_word' id='word_1_223' title='bbox 621 3587 649 3638; x_wconf 91' lang='lat'><strong>11</strong></span> <span class='ocrx_word' id='word_1_224' title='bbox 666 3605 691 3654; x_wconf 91' lang='lat' dir='ltr'><strong>p.</strong></span> <span class='ocrx_word' id='word_1_225' title='bbox 710 3587 770 3640; x_wconf 76' lang='grc'><strong>528.</strong></span> <span class='ocrx_word' id='word_1_226' title='bbox 805 3587 921 3638; x_wconf 85' lang='lat' dir='ltr'><strong>Rerum</strong></span> <span class='ocrx_word' id='word_1_227' title='bbox 940 3585 1146 3651; x_wconf 70' lang='lat' dir='ltr'><strong>Moguntiac„</strong></span> <span class='ocrx_word' id='word_1_228' title='bbox 1165 3603 1214 3654; x_wconf 87' lang='lat' dir='ltr'><strong>quo</strong></span> <span class='ocrx_word' id='word_1_229' title='bbox 1233 3589 1400 3638; x_wconf 83' lang='lat' dir='ltr'><strong>eontinentur</strong></span> 
     </span>
     <span class='ocr_line' id='line_1_29' title="bbox 261 3667 1401 3745; baseline -0.008 -14"><span class='ocrx_word' id='word_1_230' title='bbox 261 3667 373 3745; x_wconf 76' lang='lat' dir='ltr'><strong>excerpt</strong></span> <span class='ocrx_word' id='word_1_231' title='bbox 400 3693 431 3727; x_wconf 87' lang='lat' dir='ltr'><strong>ex</strong></span> <span class='ocrx_word' id='word_1_232' title='bbox 449 3677 501 3726; x_wconf 76' lang='lat'><strong>1³1².</strong></span> <span class='ocrx_word' id='word_1_233' title='bbox 520 3674 654 3740; x_wconf 82' lang='lat' dir='ltr'><strong>Antwerp.</strong></span> <span class='ocrx_word' id='word_1_234' title='bbox 682 3675 748 3724; x_wconf 79' lang='lat' dir='ltr'><strong>actis</strong></span> <span class='ocrx_word' id='word_1_235' title='bbox 768 3673 889 3726; x_wconf 83' lang='lat' dir='ltr'><strong>Senator.</strong></span> <span class='ocrx_word' id='word_1_236' title='bbox 917 3671 957 3724; x_wconf 90' lang='lat' dir='ltr'><strong>ed.</strong></span> <span class='ocrx_word' id='word_1_237' title='bbox 981 3671 1012 3722; x_wconf 82' lang='lat' dir='ltr'><strong>G.</strong></span> <span class='ocrx_word' id='word_1_238' title='bbox 1036 3671 1087 3724; x_wconf 82' lang='lat' dir='ltr'><strong>Oh.</strong></span> <span class='ocrx_word' id='word_1_239' title='bbox 1106 3674 1124 3724; x_wconf 83' lang='lat' dir='ltr'>J</span> <span class='ocrx_word' id='word_1_240' title='bbox 1132 3675 1247 3724; x_wconf 82' lang='lat' dir='ltr'><strong>oannis</strong></span> <span class='ocrx_word' id='word_1_241' title='bbox 1276 3690 1300 3724; x_wconf 85' lang='lat' dir='ltr'><strong>e.</strong></span> <span class='ocrx_word' id='word_1_242' title='bbox 1320 3669 1401 3736; x_wconf 60' lang='lat' dir='ltr'><strong>lih‘h</strong></span> 
     </span>
     <span class='ocr_line' id='line_1_30' title="bbox 262 3755 1398 3832; baseline -0.007 -16"><span class='ocrx_word' id='word_1_243' title='bbox 262 3765 321 3832; x_wconf 89' lang='lat' dir='ltr'><strong>dipl.</strong></span> <span class='ocrx_word' id='word_1_244' title='bbox 331 3781 355 3817; x_wconf 84' lang='lat' dir='ltr'><strong>e.</strong></span> <span class='ocrx_word' id='word_1_245' title='bbox 367 3757 446 3816; x_wconf 71' lang='lat'><strong>1226:</strong></span> <span class='ocrx_word' id='word_1_246' title='bbox 465 3761 574 3826; x_wconf 80' lang='lat' dir='ltr'><strong>discept</strong></span> <span class='ocrx_word' id='word_1_247' title='bbox 593 3775 651 3825; x_wconf 88' lang='lat' dir='ltr'><strong>sap.</strong></span> <span class='ocrx_word' id='word_1_248' title='bbox 669 3759 784 3810; x_wconf 78' lang='lat' dir='ltr'><strong>demidio</strong></span> <span class='ocrx_word' id='word_1_249' title='bbox 796 3765 871 3824; x_wconf 83' lang='lat' dir='ltr'><strong>parte</strong></span> <span class='ocrx_word' id='word_1_250' title='bbox 881 3758 1039 3808; x_wconf 87' lang='lat' dir='ltr'><strong>decirnaram</strong></span> <span class='ocrx_word' id='word_1_251' title='bbox 1053 3757 1085 3808; x_wconf 84' lang='lat' dir='ltr'><strong>de</strong></span> <span class='ocrx_word' id='word_1_252' title='bbox 1095 3759 1191 3811; x_wconf 84' lang='lat' dir='ltr'><strong>Bnrelr.</strong></span> <span class='ocrx_word' id='word_1_253' title='bbox 1208 3758 1284 3809; x_wconf 89' lang='lat' dir='ltr'><strong>ibid.</strong></span> <span class='ocrx_word' id='word_1_254' title='bbox 1304 3775 1328 3824; x_wconf 91' lang='lat' dir='ltr'><strong>p.</strong></span> <span class='ocrx_word' id='word_1_255' title='bbox 1339 3755 1398 3810; x_wconf 77' lang='grc'><strong>531.</strong></span> 
     </span>
    </p>
   </div>
   <div class='ocr_carea' id='block_1_6' title="bbox 329 3859 1401 3927">
    <p class='ocr_par' dir='ltr' id='par_1_6' title="bbox 329 3859 1401 3927">
     <span class='ocr_line' id='line_1_31' title="bbox 329 3859 1401 3927; baseline -0.009 -9"><span class='ocrx_word' id='word_1_256' title='bbox 329 3864 374 3924; x_wconf 81' lang='grc'><strong>81)</strong></span> <span class='ocrx_word' id='word_1_257' title='bbox 394 3865 434 3915; x_wconf 81' lang='lat' dir='ltr'><strong>Oi.</strong></span> <span class='ocrx_word' id='word_1_258' title='bbox 452 3864 555 3922; x_wconf 84' lang='lat' dir='ltr'><strong>Mene,</strong></span> <span class='ocrx_word' id='word_1_259' title='bbox 577 3860 721 3912; x_wconf 76' lang='lat' dir='ltr'><strong>zeitschrift</strong></span> <span class='ocrx_word' id='word_1_260' title='bbox 745 3861 787 3912; x_wconf 54' lang='grc' dir='ltr'>ὢ</span> <span class='ocrx_word' id='word_1_261' title='bbox 804 3859 956 3927; x_wconf 85' lang='lat' dir='ltr'><strong>geschichte</strong></span> <span class='ocrx_word' id='word_1_262' title='bbox 974 3859 1020 3909; x_wconf 84' lang='lat' dir='ltr'><strong>des</strong></span> <span class='ocrx_word' id='word_1_263' title='bbox 1040 3859 1208 3912; x_wconf 88' lang='lat' dir='ltr'><strong>Oberrheins.</strong></span> <span class='ocrx_word' id='word_1_264' title='bbox 1253 3859 1401 3910; x_wconf 86' lang='lat' dir='ltr'><strong>Karlsruhe</strong></span> 
     </span>
    </p>
   </div>
   <div class='ocr_carea' id='block_1_7' title="bbox 265 3944 984 4268">
    <p class='ocr_par' dir='ltr' id='par_1_7' title="bbox 265 3944 984 4268">
     <span class='ocr_line' id='line_1_32' title="bbox 265 3944 594 4011; baseline -0.027 -6"><span class='ocrx_word' id='word_1_265' title='bbox 265 3950 340 4004; x_wconf 77' lang='lat'><strong>185³.</strong></span> <span class='ocrx_word' id='word_1_266' title='bbox 358 3957 422 4002; x_wconf 89' lang='lat' dir='ltr'><strong>torn.</strong></span> <span class='ocrx_word' id='word_1_267' title='bbox 439 3949 476 3998; x_wconf 89' lang='lat' dir='ltr'><strong>lv</strong></span> <span class='ocrx_word' id='word_1_268' title='bbox 491 3963 516 4011; x_wconf 90' lang='lat' dir='ltr'><strong>p.</strong></span> <span class='ocrx_word' id='word_1_269' title='bbox 537 3944 594 3997; x_wconf 78' lang='lat' dir='ltr'><strong>ist.</strong></span> 
     </span>
     <span class='ocr_line' id='line_1_33' title="bbox 329 4029 575 4097; baseline -0.024 -10"><span class='ocrx_word' id='word_1_270' title='bbox 329 4033 375 4093; x_wconf 74' lang='lat' dir='ltr'><strong>aa)</strong></span> <span class='ocrx_word' id='word_1_271' title='bbox 393 4033 453 4084; x_wconf 78' lang='lat' dir='ltr'><strong>rnre.</strong></span> <span class='ocrx_word' id='word_1_272' title='bbox 472 4049 497 4097; x_wconf 79' lang='lat' dir='ltr'><strong>p.</strong></span> <span class='ocrx_word' id='word_1_273' title='bbox 518 4029 575 4082; x_wconf 80' lang='lat' dir='ltr'><strong>rsa.</strong></span> 
     </span>
     <span class='ocr_line' id='line_1_34' title="bbox 330 4113 984 4180; baseline -0.011 -10"><span class='ocrx_word' id='word_1_274' title='bbox 330 4117 375 4180; x_wconf 85' lang='grc'><strong>811)</strong></span> <span class='ocrx_word' id='word_1_275' title='bbox 395 4119 434 4168; x_wconf 85' lang='lat' dir='ltr'><strong>Gi.</strong></span> <span class='ocrx_word' id='word_1_276' title='bbox 452 4117 629 4174; x_wconf 75' lang='lat' dir='ltr'><strong>lieltherus,</strong></span> <span class='ocrx_word' id='word_1_277' title='bbox 649 4116 737 4167; x_wconf 84' lang='lat' dir='ltr'><strong>Gloss.</strong></span> <span class='ocrx_word' id='word_1_278' title='bbox 755 4114 875 4166; x_wconf 84' lang='lat' dir='ltr'><strong>adverb.</strong></span> <span class='ocrx_word' id='word_1_279' title='bbox 896 4113 961 4164; x_wconf 77' lang='lat' dir='ltr'><strong>Paci</strong></span> <span class='ocrx_word' id='word_1_280' title='bbox 978 4149 984 4163; x_wconf 96' lang='lat'><strong>.</strong></span> 
     </span>
     <span class='ocr_line' id='line_1_35' title="bbox 328 4197 797 4268; baseline -0.013 -10"><span class='ocrx_word' id='word_1_281' title='bbox 328 4202 374 4258; x_wconf 75' lang='lat' dir='ltr'><strong>blla</strong></span> <span class='ocrx_word' id='word_1_282' title='bbox 393 4203 433 4256; x_wconf 81' lang='lat' dir='ltr'><strong>Cf.</strong></span> <span class='ocrx_word' id='word_1_283' title='bbox 451 4203 576 4254; x_wconf 86' lang='lat' dir='ltr'><strong>Tharne</strong></span> <span class='ocrx_word' id='word_1_284' title='bbox 594 4201 611 4254; x_wconf 92' lang='lat' dir='ltr'><strong>l.</strong></span> <span class='ocrx_word' id='word_1_285' title='bbox 630 4217 653 4254; x_wconf 92' lang='lat' dir='ltr'><strong>c.</strong></span> <span class='ocrx_word' id='word_1_286' title='bbox 676 4218 701 4268; x_wconf 90' lang='lat' dir='ltr'><strong>p.</strong></span> <span class='ocrx_word' id='word_1_287' title='bbox 722 4197 797 4254; x_wconf 83' lang='grc'><strong>1898.</strong></span> 
     </span>
    </p>
   </div>
   <div class='ocr_carea' id='block_1_8' title="bbox 258 4300 1401 4630">
    <p class='ocr_par' dir='ltr' id='par_1_8' title="bbox 258 4300 1401 4545">
     <span class='ocr_line' id='line_1_36' title="bbox 326 4300 1401 4370; baseline -0.009 -10"><span class='ocrx_word' id='word_1_288' title='bbox 326 4305 371 4368; x_wconf 79' lang='lat' dir='ltr'><strong>al)</strong></span> <span class='ocrx_word' id='word_1_289' title='bbox 389 4307 406 4356; x_wconf 93' lang='lat' dir='ltr'><strong>l.</strong></span> <span class='ocrx_word' id='word_1_290' title='bbox 425 4322 446 4356; x_wconf 80' lang='lat' dir='ltr'><strong>c.</strong></span> <span class='ocrx_word' id='word_1_291' title='bbox 465 4322 489 4370; x_wconf 92' lang='lat' dir='ltr'><strong>p.</strong></span> <span class='ocrx_word' id='word_1_292' title='bbox 507 4302 541 4356; x_wconf 65' lang='lat'><strong>‘22</strong></span> <span class='ocrx_word' id='word_1_293' title='bbox 558 4305 619 4357; x_wconf 82' lang='lat' dir='ltr'><strong>adn.</strong></span> <span class='ocrx_word' id='word_1_294' title='bbox 637 4302 684 4358; x_wconf 82' lang='lat'><strong>98:</strong></span> <span class='ocrx_word' id='word_1_295' title='bbox 707 4305 753 4356; x_wconf 83' lang='lat' dir='ltr'><strong>der</strong></span> <span class='ocrx_word' id='word_1_296' title='bbox 770 4311 911 4355; x_wconf 76' lang='lat' dir='ltr'><strong>condreatur</strong></span> <span class='ocrx_word' id='word_1_297' title='bbox 927 4303 963 4354; x_wconf 82' lang='lat' dir='ltr'><strong>ed</strong></span> <span class='ocrx_word' id='word_1_298' title='bbox 973 4303 1096 4370; x_wconf 75' lang='lat' dir='ltr'><strong>fimana,</strong></span> <span class='ocrx_word' id='word_1_299' title='bbox 1124 4300 1228 4352; x_wconf 83' lang='lat' dir='ltr'><strong>weleber</strong></span> <span class='ocrx_word' id='word_1_300' title='bbox 1245 4302 1273 4352; x_wconf 79' lang='lat' dir='ltr'><strong>ia</strong></span> <span class='ocrx_word' id='word_1_301' title='bbox 1290 4301 1340 4352; x_wconf 79' lang='lat' dir='ltr'><strong>dea</strong></span> <span class='ocrx_word' id='word_1_302' title='bbox 1357 4317 1401 4350; x_wconf 86' lang='lat' dir='ltr'><strong>ar·</strong></span> 
     </span>
     <span class='ocr_line' id='line_1_37' title="bbox 258 4387 1399 4458; baseline -0.008 -12"><span class='ocrx_word' id='word_1_303' title='bbox 258 4394 362 4446; x_wconf 72' lang='lat' dir='ltr'><strong>brandea</strong></span> <span class='ocrx_word' id='word_1_304' title='bbox 383 4393 538 4458; x_wconf 77' lang='lat' dir='ltr'><strong>rclrleebtraeg</strong></span> <span class='ocrx_word' id='word_1_305' title='bbox 557 4392 638 4458; x_wconf 75' lang='lat' dir='ltr'><strong>firmae</strong></span> <span class='ocrx_word' id='word_1_306' title='bbox 665 4390 693 4444; x_wconf 76' lang='lat' dir='ltr'><strong>S.</strong></span> <span class='ocrx_word' id='word_1_307' title='bbox 710 4390 866 4456; x_wconf 78' lang='lat' dir='ltr'><strong>aeorrafirnaa</strong></span> <span class='ocrx_word' id='word_1_308' title='bbox 885 4398 1000 4456; x_wconf 76' lang='lat' dir='ltr'><strong>persanat</strong></span> <span class='ocrx_word' id='word_1_309' title='bbox 1020 4389 1096 4451; x_wconf 80' lang='lat' dir='ltr'><strong>wird,</strong></span> <span class='ocrx_word' id='word_1_310' title='bbox 1122 4387 1167 4440; x_wconf 79' lang='lat' dir='ltr'><strong>bet</strong></span> <span class='ocrx_word' id='word_1_311' title='bbox 1193 4387 1281 4440; x_wconf 74' lang='lat' dir='ltr'><strong>reinero</strong></span> <span class='ocrx_word' id='word_1_312' title='bbox 1305 4403 1399 4439; x_wconf 76' lang='lat' dir='ltr'><strong>nantem</strong></span> 
     </span>
     <span class='ocr_line' id='line_1_38' title="bbox 258 4476 1050 4545; baseline -0.005 -13"><span class='ocrx_word' id='word_1_313' title='bbox 258 4481 350 4542; x_wconf 77' lang='lat' dir='ltr'><strong>docear,</strong></span> <span class='ocrx_word' id='word_1_314' title='bbox 367 4479 427 4531; x_wconf 78' lang='lat' dir='ltr'><strong>dere</strong></span> <span class='ocrx_word' id='word_1_315' title='bbox 444 4496 472 4530; x_wconf 83' lang='lat' dir='ltr'><strong>er</strong></span> <span class='ocrx_word' id='word_1_316' title='bbox 489 4478 587 4532; x_wconf 82' lang='lat' dir='ltr'><strong>nrittrlet</strong></span> <span class='ocrx_word' id='word_1_317' title='bbox 604 4477 773 4545; x_wconf 78' lang='lat' dir='ltr'><strong>beadeclrlope</strong></span> <span class='ocrx_word' id='word_1_318' title='bbox 790 4477 939 4544; x_wconf 72' lang='lat' dir='ltr'><strong>heleroetiigt</strong></span> <span class='ocrx_word' id='word_1_319' title='bbox 955 4476 1050 4528; x_wconf 77' lang='lat' dir='ltr'><strong>warde.</strong></span> 
     </span>
    </p>

    <p class='ocr_par' dir='ltr' id='par_1_9' title="bbox 327 4565 469 4630">
     <span class='ocr_line' id='line_1_39' title="bbox 327 4565 469 4630; baseline -0.035 -9"><span class='ocrx_word' id='word_1_320' title='bbox 327 4565 373 4630; x_wconf 76' lang='lat' dir='ltr'><strong>bi)</strong></span> <span class='ocrx_word' id='word_1_321' title='bbox 391 4567 408 4617; x_wconf 87' lang='lat'><strong>1.</strong></span> <span class='ocrx_word' id='word_1_322' title='bbox 426 4567 469 4617; x_wconf 85' lang='lat' dir='ltr'><strong>cit.</strong></span> 
     </span>
    </p>
   </div>
   <div class='ocr_carea' id='block_1_9' title="bbox 0 0 1826 5268">
    <p class='ocr_par' dir='ltr' id='par_1_10' title="bbox 0 0 1826 5268">
     <span class='ocr_line' id='line_1_40' title="bbox 0 0 1826 5268; baseline 0 4"><span class='ocrx_word' id='word_1_323' title='bbox 0 0 1826 5268; x_wconf 95' lang='lat' dir='ltr'><strong> </strong></span> 
     </span>
    </p>
   </div>
  </div>
 </body>
</html>
