3644 5268
787 623 827 696 15

241 797 506 871 supervacaneum
529 803 599 852 esse
633 779 783 864 arbitror,
817 781 881 848 alia
913 778 1026 848 alierra
1047 778 1247 866 argumenta,
1280 792 1377 866 quum
1427 806 1430 812 ·

236 889 421 971 praesertin
453 888 548 954 rebus
580 886 634 966 iia,
668 903 749 968 quac
770 881 853 950 infra
875 884 1089 964 attulerimus,
1122 883 1251 951 defensa
1271 884 1377 967 opinio

237 993 291 1058 illa
312 992 468 1074 planeque
490 992 669 1055 sustentata
690 983 857 1054 videbitur.

324 1093 454 1178 Origine
476 1096 581 1158 autem
602 1091 746 1157 vocabuli
774 1088 859 1156 illius
881 1087 990 1154 firmae
1013 1089 1195 1172 diligentius
1218 1094 1314 1172 atque
1336 1087 1376 1155 ab

236 1197 327 1262 initio
349 1197 574 1276 demonstrata,
596 1193 759 1260 confestim
781 1193 831 1256 ius
854 1189 932 1256 illud
954 1192 1063 1258 militis
1086 1190 1126 1257 de
1148 1211 1209 1274 quo
1231 1192 1376 1272 diximus,

235 1296 373 1362 lorrtibus
394 1295 533 1377 Anglicis
567 1295 697 1362 adscitis
730 1293 1001 1376 interpretandum
1029 1313 1099 1360 esse
1121 1295 1199 1360 satis
1221 1311 1378 1375 superque

241 1399 348 1480 liquet.
393 1397 482 1474 Quod
513 1398 576 1463 iam
605 1397 782 1463 accuratius
811 1395 1052 1461 examinandum
1074 1395 1163 1462 nohis
1186 1413 1223 1460 ao
1244 1413 1377 1477 perpen-

236 1499 372 1565 dendum
395 1505 452 1564 est.
496 1499 595 1582 Atqui
617 1519 696 1582 quas
719 1499 821 1565 adhuc
843 1496 1087 1579 significationes
1109 1496 1218 1562 firmae
1240 1501 1377 1562 statutas

239 1619 309 1666 csse
330 1601 482 1682 videmus
505 1621 575 1667 eae:
604 1601 718 1681 cibum,
740 1601 790 1666 vel
812 1601 991 1682 hospitium,
1013 1605 1134 1681 pastus,
1155 1599 1188 1664 in
1210 1596 1377 1663 formulam

237 1703 322 1769 illam
344 1704 390 1769 ad
411 1703 563 1769 lirmam
585 1709 724 1770 tenere
746 1702 858 1768 cadere
886 1721 949 1767 nou
970 1701 1125 1766 videntur.
1170 1699 1376 1780 Quamquam,

236 1810 272 1869 ut
293 1823 365 1870 mox
385 1805 573 1887 viderimus,
606 1805 640 1871 id
669 1805 837 1888 quodiam
860 1803 1031 1868 Somnerus
1053 1802 1126 1882 (vid.
1150 1819 1246 1882 supra
1267 1819 1297 1882 p.
1322 1800 1375 1880 12)

235 1907 430 1986 praeteriens
463 1907 554 1988 quasi
587 1907 707 1988 attigit,
742 1901 865 1972 firmam
897 1905 930 1970 iu
962 1922 1030 1984 cap.
1052 1903 1122 1968 vlt
1154 1902 1194 1968 ah
1223 1903 1286 1967 illis
1312 1919 1374 1967 non

233 2007 368 2072 multum
389 2009 570 2089 discrepare
591 2012 732 2088 apparet.

297 2171 300 2178 ·
328 2126 417 2204 Quod
439 2147 500 2208 qno
522 2124 644 2190 facilius
665 2125 882 2207 intellegatur,
904 2121 1006 2188 locum
1027 2087 1119 2188 valde
1141 2120 1376 2187 memorabilem

234 2228 380 2296 (limanici
409 2228 641 2312 Anglisaxonici
673 2227 713 2293 ad
746 2246 774 2293 a.
798 2227 861 2292 775
895 2225 954 2291 hoc
981 2225 1048 2292 loco
1075 2225 1227 2307 pono⁸⁹):
1259 2247 1292 2288 sa
1314 2225 1377 2290 ilco

233 2503 375 2569 dequibus
393 2505 515 2557 omnibus
533 2505 636 2571 legibus
659 2503 729 2554 inira
746 2503 824 2555 latius
843 2503 992 2570 disputabo.
1026 2501 1193 2568 Argumenta
1211 2502 1299 2554 afferri
1316 2519 1375 2571 pos·

231 2596 294 2638 sunt
319 2589 402 2638 verba
428 2592 506 2640 etiam
534 2590 579 2640 illa
601 2589 752 2640 Oldariei
769 2590 893 2640 Vitalis
916 2589 982 2640 Utic.
1002 2604 1073 2639 mon.
1091 2587 1186 2641 aceles.
1204 2587 1265 2639 hist.
1283 2589 1320 2638 lib
1339 2586 1378 2638 IV

236 2673 268 2722 ad
285 2689 310 2725 a.
331 2671 398 2726 ltldtt
428 2675 484 2734 (Du
502 2675 605 2726 Chesne
623 2673 713 2725 histor.
731 2675 874 2725 Normaun.
900 2690 926 2738 p.
944 2671 1007 2734 ult)
1034 2664 1168 2736 „canobiis
1182 2671 1378 2740 prouincialium

237 2760 302 2820 (scil.
320 2759 492 2825 duplorum),
514 2775 580 2826 quoe
596 2759 671 2825 culpo
680 2759 786 2825 firntcm
802 2759 948 2826 appelleon
974 2766 1000 2811 at
1021 2759 1085 2810 illud
1104 2760 1239 2810 Hearici
1256 2760 1377 2810 fluuii*

232 2845 300 2895 don.
316 2845 360 2896 lib.
371 2845 409 2898 Vl
428 2847 463 2898 ad
480 2845 596 2896 Eduardi
612 2861 669 2910 reg.
687 2861 711 2896 a.
726 2841 761 2894 ‘ln
779 2843 885 2904 (Savile
901 2846 919 2896 l.
938 2861 961 2897 c.
979 2861 1005 2911 p.
1024 2841 1100 2909 ³⁰7)=
1117 2845 1297 2914 numaeque
1313 2847 1378 2914 regn

232 2932 296 2998 quod
322 2931 358 2983 acl
377 2933 484 2998 fimum
509 2946 583 2981 anana
603 2945 750 2996 properant
777 2929 843 2981 cibos
863 2931 972 2983 calamae
992 2931 1148 2998 sufficienter·
1168 2933 1293 2986 inueniret
1313 2934 1379 2987 oliae

232 3034 310 3069 aecana
326 3018 430 3081 desan
446 3023 559 3070 aarum.
593 3017 634 3067 De
652 3031 704 3082 quo
721 3017 781 3068 loco
800 3017 833 3068 ei.
851 3018 894 3068 Du
912 3019 995 3084 cing.
1014 3018 1049 3068 ad
1067 3034 1125 3071 voc.
1143 3015 1228 3071 drma.

297 3101 342 3168 59)
361 3103 430 3156 Tha
456 3101 688 3170 duplo-Saron
714 3101 893 3154 chronicis
921 3119 948 3168 p.
965 3101 1000 3156 9⁸1
1023 3103 1085 3156 adn.
1130 3103 1264 3156 Immerito
1289 3109 1376 3156 autem

233 3191 300 3242 huuc
317 3190 405 3241 locum
423 3190 553 3256 'l'horpa
571 3193 719 3254 suspectum
739 3203 771 3239 ac
788 3189 940 3240 mendosam
959 3189 1057 3254 habet,
1086 3191 1124 3241 uti
1150 3205 1181 3240 ax
1201 3189 1263 3256 dipl.
1283 3187 1381 3244 CLXV

233 3281 267 3332 (a.
286 3271 451 3340 786-796),
478 3275 549 3342 quod
567 3289 608 3340 ep.
626 3273 738 3323 Kambla
754 3273 772 3325 l.
791 3290 814 3326 a.
833 3275 846 3324 1
863 3291 889 3340 p.
907 3271 957 3326 adt
976 3276 1074 3337 inveni,
1091 3281 1208 3341 apparat.
1242 3277 1292 3328 Eat
1308 3279 1379 3328 euim

233 3362 281 3412 hoc
299 3361 355 3426 dipl
378 3362 474 3412 Latina
491 3362 614 3426 scriptum
632 3357 707 3420 illud,
726 3357 802 3423 cujus
821 3359 974 3410 relationem
992 3359 1211 3427 chronographus
1229 3362 1318 3421 affert,
1337 3363 1378 3414 hie

233 3448 319 3498 verbio
336 3453 504 3512 conceptum:
542 3445 596 3510 „ln
611 3443 713 3495 nornine
727 3444 895 3510 muntia
921 3445 963 3496 dei
984 3446 1156 3496 morrarchiam
1176 3445 1252 3498 totino
1272 3447 1378 3499 nsandi!

232 3532 284 3599 Epo
301 3531 411 3583 Beonan
428 3531 506 3582 abbae
521 3530 608 3597 pratia
624 3528 678 3591 dei,
705 3545 761 3580 ctam
777 3530 927 3583 tonedralio
953 3539 976 3583 et
994 3531 1096 3584 licentia
1114 3535 1227 3594 fratrum
1244 3533 1320 3584 &aar
1335 3550 1375 3585 co·

232 3615 380 3667 imitemin
396 3616 547 3668 mmwelero'o
564 3615 632 3683 qnod
648 3615 795 3681 appellatura·
805 3617 1015 3679 Medebomatede,
1033 3618 1131 3669 tradidi
1141 3619 1293 3671 Cbathberltto
1300 3619 1378 3686 prin·

235 3701 283 3767 cipi
298 3709 397 3752 ter-ram
414 3703 448 3754 Χ.
468 3701 630 3765 mmmmm,
647 3716 714 3767 quoae
730 3709 896 3766 nuncapatur
912 3703 949 3752 ait
968 3701 1165 3765 &bertholde
1181 3721 1238 3756 ann
1250 3705 1337 3771 pratia
1354 3713 1377 3754 ot

232 3787 333 3852 porculo
360 3804 390 3839 ac
411 3788 481 3839 ailbia
501 3786 645 3853 enndiaqae
669 3785 706 3837 ad
725 3803 752 3837 ae
770 3786 964 3852 pertinentibus.
1000 3790 1079 3840 Hono
1104 3798 1188 3841 arnan
1212 3797 1309 3840 terram
1333 3789 1378 3841 ille

238 3873 367 3925 Otttbbnht
384 3891 401 3924 a
417 3889 457 3924 me
472 3872 548 3940 dipno
565 3871 719 3936 eomparaoit
734 3872 825 3938 pretio,
843 3873 871 3924 ta
887 3881 923 3925 eet
940 3873 1009 3925 mitte
1026 3873 1121 3937 calidis,
1138 3883 1161 3926 et
1178 3873 1285 3942 tinpulie
1301 3877 1378 3928 enoria

235 3957 296 4010 andi
312 3958 420 4025 maiaqeoe
436 3957 615 4010 messarim
630 3956 726 4008 noina
741 3958 841 4009 noetio
856 3965 978 4024 parturn
995 3967 1050 4010 ant
1066 3960 1378 4028 tripinto--rcnit
1472 4029 1473 4032 Ἴ

237 4043 338 4094 siclos.
372 4043 427 4094 Hoc
442 4041 595 4094 territorium
608 4043 747 4108 praefatur
760 4043 881 4109 princepe
900 4059 932 4095 ea
948 4044 1087 4096 conditione
1103 4046 1245 4112 aeqniaioit,
1271 4053 1301 4096 ut
1318 4057 1377 4114 poet

238 4126 422 4193 conrpletionenr
438 4126 489 4178 diei
503 4125 582 4188 illam,
599 4125 645 4192 qui
660 4125 693 4175 ab
711 4143 740 4178 eo
756 4143 871 4179 maere
887 4135 1007 4196 ratapant
1023 4129 1156 4183 heredibus
1168 4131 1337 4200 derelinquent,
1354 4141 1378 4185 et

239 4210 365 4264 haeredes·
375 4213 570 4278 praedecenoria
583 4214 732 4280 praefatam
749 4213 913 4266 mollitionem
929 4217 1082 4268 conaeroenit
1097 4217 1126 4268 in
1142 4226 1222 4284 poeta
1247 4219 1287 4270 uel
1301 4236 1377 4286 pecie-

241 4298 299 4358 nio,·
324 4306 348 4348 et
370 4305 427 4364 poet
443 4299 519 4350 citam
535 4300 637 4350 illam
662 4297 756 4365 abaqeoe
773 4300 923 4364 &radicula
944 4301 1018 4368 paci·
1042 4302 1079 4354 ad
1099 4303 1140 4354 ine
1152 4303 1292 4370 pristinum
1318 4313 1395 4369 cm,

242 4383 372 4436 nontinato
388 4391 459 4435 terro
474 4391 623 4436 reuertatur.
648 4383 737 4448 Hucine
753 4391 837 4435 ardena
853 4385 894 4436 rei
909 4385 947 4437 ito
954 4396 1039 4454 pertua
1050 4388 1078 4439 ln'
1085 4389 1176 4455 fideles
1188 4375 1382 4441 teeteaoderont

244 4477 267 4520 rt
292 4471 501 4537 omranipaerunt.
528 4499 561 4510 -
596 4469 745 4538 Sequuntur
772 4471 878 4522 nomina
905 4476 1023 4528 testium:
1058 4476 1118 4531 om
1143 4493 1190 4529 rex
1211 4477 1377 4542 Marciorum,

247 4556 355 4623 Epterth
373 4573 419 4610 rex
435 4557 599 4622 Marciorum,
615 4555 770 4623 Hypobarbt
786 4557 902 4626 archiep.
920 4575 977 4626 eqq.
