3644 5268
820 599 893 684 'no

416 767 560 833 dominus
571 771 691 851 praedii
710 769 917 854 permanan)
931 801 970 814 -
987 766 1082 848 idque
1103 785 1141 832 eo
1163 767 1264 848 titulo,
1287 788 1350 850 quo
1367 785 1444 834 unus

406 871 527 951 praedii
549 871 580 936 ei
601 889 767 939 concessus
788 869 882 936 sith.
904 887 931 934 e.
953 887 992 934 ex
1014 872 1177 934 contractu
1199 869 1240 934 ad
1262 869 1446 948 firmem³²).

300 987 369 1064 Quo
391 988 422 1052 in
446 988 616 1054 novissima
637 1009 672 1055 re
694 991 831 1058 totonis
859 994 1070 1070 totaqueonp.
1086 987 1156 1054 VII.
1179 987 1353 1052 auotoritas
1375 1005 1445 1052 ver·

300 1091 389 1154 titur.
434 1089 548 1154 Omnio
574 1091 656 1156 enim
683 1093 744 1159 hue
771 1093 919 1170 redeunt,
952 1095 990 1155 ut
1021 1089 1053 1154 in
1082 1089 1228 1171 expedito
1256 1096 1320 1170 est,
1354 1089 1448 1171 quale

301 1190 432 1258 firmarii
454 1193 503 1257 ius
525 1191 633 1258 inerit:
667 1200 772 1260 utrum
793 1191 959 1276 personale
981 1195 1105 1256 tentum
1135 1192 1340 1257 conventione
1362 1192 1447 1258 inter

300 1295 419 1374 praedii
442 1295 601 1360 dominum
623 1295 774 1380 illumque
796 1295 970 1374 conditum,
1004 1311 1044 1358 an
1066 1293 1116 1358 ius
1139 1293 1172 1358 in
1193 1312 1229 1358 re
1251 1292 1356 1359 fuerit
1399 1293 1447 1360 Ae

301 1414 371 1460 unm
393 1398 496 1478 iugum
529 1397 656 1479 quidem
688 1417 904 1482 canonumque
935 1396 1058 1462 ratione
1089 1393 1167 1461 nihil
1194 1397 1295 1478 magis
1318 1396 1445 1463 videtur

300 1518 455 1580 pugnare,
489 1518 583 1582 quem
611 1501 764 1568 transitus
787 1521 863 1568 usus
885 1500 963 1566 iuris
984 1503 1065 1580 petr.
1088 1499 1129 1565 od
1151 1499 1445 1581 conductor-amm).

300 1601 376 1678 Quis
398 1603 481 1668 enim
505 1603 581 1668 nihil
604 1604 682 1670 iuris
704 1605 800 1672 habet
820 1605 853 1670 in
874 1624 910 1670 re
925 1602 1099 1686 principali,
1121 1602 1197 1685 quid
1218 1621 1346 1684 quaero,
1369 1603 1398 1668 ei
1413 1603 1445 1668 in

300 1707 474 1772 accessoria
489 1707 548 1774 sibi
565 1709 724 1776 vindicare
742 1710 837 1777 lieet?
859 1707 913 1774 Sin
931 1708 1027 1790 igitur
1043 1706 1165 1790 legibus
1181 1707 1222 1772 ed
1233 1706 1385 1773 vesullum
1393 1707 1445 1789 ὅ1),

299 1807 486 1874 creditorem
509 1811 798 1896 pignoretieinm⁵⁴)
821 1811 977 1878 tacit-eius
991 1811 1101 1876 utendi
1122 1810 1444 1878 advocationetrans·

372 1995 416 2056 51)
435 1997 475 2048 01.
493 1998 588 2051 Flete
604 2001 622 2052 l.
640 2019 664 2054 e.
681 2019 708 2068 p.
725 1997 778 2054 tan
795 2003 824 2054 ei
848 2001 909 2054 adn.
927 2000 985 2053 141.
1011 2003 1076 2067 quin
1103 2003 1183 2052 etiam
1209 2001 1237 2050 in
1261 1999 1404 2052 donatione
1421 1999 1446 2052 ti

301 2079 410 2131 donator
426 2082 526 2150 aliquid
542 2084 590 2136 etti
609 2086 754 2150 retinuerit,
781 2087 896 2154 φιαηιυία
920 2085 1050 2137 mininam
1064 2093 1166 2152 partem
1176 2085 1273 2154 fundi,
1290 2101 1388 2150 seraper
1404 2102 1445 2136 ra-

302 2167 411 2218 manebt't
428 2169 557 2221 motatio
573 2187 629 2221 eum
642 2180 719 2238 porta
736 2181 841 2234 retenta,
858 2172 909 2224 niti
926 2171 1041 2238 epactalis
1062 2171 1154 2223 mania
1171 2171 1199 2222 io
1216 2171 1303 2236 utiquo
1319 2171 1385 2221 dono
1400 2169 1446 2232 fiat

302 2252 334 2302 de
351 2252 520 2306 advocatione.
548 2256 638 2315 (Fleta
655 2273 680 2322 p.
701 2259 751 2309 444
769 2259 838 2325 aqq.)
865 2259 906 2310 01.
926 2259 1055 2308 Britton
1076 2257 1153 2323 ehap.
1171 2257 1247 2308 XCII
1265 2273 1291 2322 p.
1309 2255 1368 2310 359.
1403 2257 1445 2308 De

302 2342 444 2402 patronatu
461 2340 489 2390 in
507 2355 600 2406 grosso
618 2341 650 2392 ei.
669 2343 765 2394 Flete
784 2361 809 2409 p.
827 2341 1054 2408 niueumque.

370 2419 416 2484 51)
433 2423 528 2474 Utrum
554 2424 685 2478 firmarius
710 2431 816 2496 proprio
843 2432 949 2481 nomina
972 2445 1007 2480 an
1026 2428 1114 2479 aliano
1132 2427 1158 2478 in.
1179 2443 1202 2478 e.
1221 2428 1328 2478 nomine
1345 2426 1445 2477 domini

302 2512 473 2570 praesentare
491 2508 596 2573 debeat,
614 2511 731 2563 dubitari
749 2519 843 2579 potant.
863 2514 1014 2565 Secundum
1032 2514 1138 2564 Fletam
1155 2513 1189 2563 ei.
1207 2528 1288 2577 snpra
1306 2511 1367 2562 adn.
1390 2510 1441 2564 13³

301 2606 350 2641 auo
367 2593 474 2644 nomine
491 2594 598 2646 videtur
614 2603 794 2661 praesentare,
812 2614 892 2664 quum
910 2599 994 2649 haee:
1023 2606 1046 2649 et
1071 2599 1165 2649 dieitm
1182 2597 1240 2663 qnia
1257 2597 1393 2648 advocatae
1410 2597 1446 2648 ed
1527 2617 1530 2625 ·

300 2674 469 2738 differentiam
487 2694 587 2740 aoraton,
613 2681 658 2746 qni
671 2691 838 2746 praesentant
855 2685 955 2734 amitinae
973 2683 1069 2742 atium,
1095 2683 1158 2732 aient
1180 2691 1262 2732 mutua
1274 2688 1446 2746 praetentam

300 2757 398 2808 ratione
414 2761 550 2823 mutuatae,
576 2764 621 2828 qui
645 2783 696 2815 non
713 2775 748 2816 eat
766 2767 915 2827 advocatu,
933 2768 977 2817 ned
994 2767 1038 2816 itte
1054 2767 1126 2817 cuius
1143 2766 1243 2816 nentina
1257 2765 1446 2830 praetentavit:

303 2849 470 2908 opponuntur
487 2845 528 2895 hin
546 2849 648 2900 verbis:
675 2850 767 2901 duitor
793 2850 868 2902 atium
885 2852 941 2918 quia
959 2851 1094 2902 advocatus
1111 2849 1147 2901 ad
1162 2850 1332 2916 differentiam
1349 2865 1445 2912 cortun,

302 2928 346 2994 qni
362 2937 447 2980 tanam
464 2930 646 2996 quwdnoamodo
663 2935 699 2985 ad
708 2936 815 3001 fimana
832 2937 871 2988 vel
886 2953 935 3003 par
951 2936 1116 2987 onmioooem
1134 2953 1188 3003 aqq.
1206 2937 1355 2987 Intrnnorea
1374 2938 1444 2988 enim

301 3029 349 3064 auo
366 3017 471 3066 nomine
489 3025 675 3084 praesentare,
693 3023 752 3087 quis
770 3028 811 3074 eat
828 3024 874 3088 qui
891 3025 989 3089 negat?
1024 3023 1187 3084 Quibuscum
1213 3023 1293 3074 rebua
1310 3023 1445 3074 Britton

302 3100 370 3151 bone
396 3105 530 3154 consentit
546 3105 564 3157 1.
583 3122 606 3158 e.
624 3123 649 3172 p.
670 3106 734 3162 350:
761 3126 779 3158 a
800 3124 842 3159 cao
859 3125 908 3174 qua
924 3116 1032 3159 emataau
1049 3116 1085 3158 eat
1102 3125 1134 3159 eoa
1151 3108 1175 3159 le
1191 3108 1263 3170 Bref
1276 3123 1330 3172 sqq.
1364 3106 1400 3158 nt
1417 3109 1445 3158 in

302 3186 447 3240 Paneion
467 3181 724 3246 Goutumier'du
748 3213 773 3262 p.
793 3200 827 3247 ot
844 3195 869 3247 d.
887 3195 925 3247 de
943 3195 1139 3248 Normundie
1157 3195 1232 3260 ehap.
1253 3194 1314 3246 clx
1334 3198 1440 3245 exstant

302 3275 381 3326 valde
391 3276 509 3330 divorsa:
528 3287 551 3330 et
568 3281 689 3332 attenuet
699 3281 755 3350 sois
772 3281 868 3332 auimo
879 3281 1130 3348 prenominatam
1147 3282 1222 3349 tpliaa
1234 3299 1289 3348 par
1306 3281 1394 3332 raiaou
1412 3281 1445 3333 de

298 3361 381 3426 parda
398 3379 436 3413 ou
453 3363 488 3415 de
503 3367 569 3434 sies
581 3367 663 3434 (quod
681 3385 744 3421 vero
762 3369 868 3434 proprie
888 3373 929 3419 ast
945 3368 1137 3436 faudumtqu¹il
1155 3388 1172 3420 α
1189 3367 1286 3436 eooqapd
1304 3384 1337 3418 ou
1353 3384 1444 3418 connota

300 3449 425 3501 attouroat.
459 3452 494 3502 Et
519 3453 587 3504 ilne
600 3462 737 3519 praeamata
749 3471 801 3521 pao
819 3471 909 3505 comme
925 3463 1027 3520 patron,
1054 3456 1118 3506 mao'a
1137 3472 1173 3506 an
1191 3456 1256 3507 lieu
1272 3455 1308 3506 de
1323 3461 1444 3519 patrona

301 3540 324 3582 at
341 3535 399 3585 tella
415 3537 508 3588 εαίείηε
525 3555 558 3589 aaa
574 3539 626 3590 doit
641 3557 691 3605 paa
707 3547 772 3591 autre
789 3541 873 3591 renutu
885 3541 992 3604 aceede,
1010 3541 1443 3608 quidemioeomntprtaenterent5

301 3621 366 3672 onnia
385 3625 402 3672 d
419 3625 492 3674 ceula:
509 3642 541 3676 eoa
559 3625 611 3675 lieu
627 3626 658 3676 de
676 3625 720 3692 qni
735 3627 768 3677 tta
781 3627 965 3692 prdamnterent,
983 3645 1016 3678 ou
1032 3629 1049 3676 ia
1066 3629 1135 3679 laura
1148 3628 1288 3694 prochuioaa
1305 3626 1374 3678 koira
1391 3626 1444 3678 a't'le

302 3715 355 3754 sont
373 3715 456 3758 morta.

371 3789 432 3854 tta)
449 3793 491 3844 De
509 3796 558 3844 hae
575 3812 604 3846 re
621 3797 655 3846 ef.
673 3797 743 3847 infra
759 3797 792 3845 N.
811 3796 856 3847 lv.

372 3874 416 3940 53)
436 3877 471 3927 01
494 3894 516 3928 e.
535 3871 661 3932 xm.'x.
679 3880 704 3933 ia
721 3885 750 3942 1.,
767 3880 800 3931 ei.
811 3879 873 3945 ‹npn
892 3880 926 3930 ed
943 3896 960 3929 a
979 3876 1047 3930 11041
1065 3896 1107 3944 ap.
1125 3879 1242 3943 unorn.
1261 3879 1383 3931 axum
1401 3877 1444 3940 §3

305 3973 330 4022 p.
342 3956 419 4022 1811ἱ1;
437 3963 452 4020 5
470 3963 484 4012 4
502 3963 565 4014 ibid.

372 4045 417 4105 114)
435 4045 466 4095 In
484 4047 589 4110 haere,
607 4050 717 4113 quan.
736 4050 771 4098 Η.
789 4049 987 4099 Boehmerus
1014 4050 1133 4112 exponit,
1160 4063 1267 4113 prorsus
1286 4049 1442 4112 comprobo:

302 4129 329 4182 J.
347 4131 380 4180 Ε.
398 4131 428 4180 Ρ.
447 4131 464 4181 i.
482 4147 504 4181 e.
523 4133 538 4192 ἓ
557 4129 615 4183 111.
643 4133 793 4184 (licentra
814 4132 1032 4198 Lippertl.e.
1059 4149 1086 4197 p.
1105 4130 1163 4182 iil.
1192 4133 1364 4197 Sehilling
1382 4133 1400 4182 l.
1419 4149 1443 4183 c.

304 4229 330 4280 p.
348 4213 383 4267 11
401 4232 456 4282 sqq.
475 4217 511 4268 nt
528 4218 580 4272 vid.
598 4234 670 4284 supr.
689 4235 714 4284 p.
732 4217 775 4270 38.
804 4215 905 4284 [Conon
923 4219 996 4269 illius
1015 4235 1074 4282 ayn.
1092 4218 1214 4285 Mogunt.
1232 4235 1257 4269 a.
1278 4216 1345 4269 1310
1372 4217 1442 4278 hub..

302 4318 381 4366 quem
400 4304 536 4355 Boehmer.
555 4305 640 4366 effert,
658 4309 759 4356 tantum
778 4307 882 4356 iteratio
902 4310 929 4356 et
946 4304 1108 4356 confirmatio
1127 4305 1221 4369 prioris
1248 4320 1273 4355 a.
1294 4301 1360 4354 1133
1379 4304 1440 4354 heb.

302 4393 351 4437 ast.
371 4388 406 4438 01
428 4389 520 4440 Meno
538 4390 555 4440 1.
573 4406 598 4441 o.
616 4394 677 4442 tom.
689 4391 729 4440 111
747 4407 773 4456 p.
793 4389 842 4443 int
861 4407 918 4442 ean.
932 4388 979 4443 27:
998 4389 1020 4440 ai
1037 4389 1132 4455 aliquia
1145 4387 1284 4454 praedium
1300 4403 1383 4448 auum,
1401 4389 1443 4438 σαί

301 4471 389 4522 attineat
407 4474 447 4524 ina
462 4481 613 4540 patrmzatua
630 4476 782 4543 oblipaum't
801 4477 863 4544 quio
873 4479 1001 4545 frequenta
1018 4491 1096 4541 anper
1112 4474 1157 4525 hoe
1168 4473 1299 4541 ennea-perit
1311 4471 1442 4533 dubitatio,

302 4558 359 4623 quia
377 4558 467 4613 tabeat
480 4570 656 4628 praesentare,
673 4563 789 4616 tomum
806 4563 845 4617 vei
862 4563 969 4616 creditor
987 4579 1060 4615 sacro
1076 4559 1298 4617 ananumnacono'i.
1312 4557 1444 4612 notuimus
