3644 5268
872 619 910 686 61

318 789 364 842 ter
397 775 636 860 usumfructum.
702 772 807 858 Atque
839 775 932 842 valde
974 776 1014 842 ab
1046 773 1209 844 usufructu
1241 774 1332 841 firma
1364 775 1463 843 disoe-

318 881 386 959 dit‚
431 897 622 962 quamquam
659 879 823 960 permultis
858 877 891 942 in
931 878 1026 944 rebus
1065 879 1097 944 iu
1131 898 1227 945 unum
1267 879 1464 946 conveniant

316 984 423 1049 Habet
445 983 528 1048 enirn
554 979 710 1045 iirrnarius
731 980 947 1062 plenissimum
969 981 1019 1046 ins
1041 981 1172 1062 praedio
1199 981 1308 1047 utendi
1331 979 1465 1060 fruendi,

317 1083 485 1152 dummodo
510 1103 550 1150 ne
572 1087 695 1148 vastum
716 1083 819 1148 faeiat.
863 1082 992 1148 Detinet
1023 1083 1135 1149 deinde
1167 1102 1236 1149 rem
1267 1083 1385 1166 ipsam,
1408 1085 1465 1150 sed

317 1207 376 1258 nea
408 1193 459 1253 est
492 1187 524 1251 in
558 1185 754 1266 possessione
785 1204 843 1251 nec
875 1185 946 1250 iura
972 1186 1180 1266 possessionis
1221 1185 1339 1252 habere
1378 1185 1465 1252 vide·

318 1298 378 1357 tur.
423 1289 512 1366 erod
546 1287 672 1369 quidem
706 1288 882 1370 perspicuis
915 1287 1020 1354 verbis
1058 1287 1090 1352 in
1122 1286 1260 1353 lontibus
1293 1287 1466 1354 identidem

321 1392 556 1474 pronuntiatum
579 1394 636 1455 est.
691 1389 773 1455 Nam
799 1408 951 1472 persaepe
973 1388 1130 1455 firmarius
1163 1390 1291 1452 aliano
1312 1389 1466 1454 uomina

319 1495 368 1561 vel
392 1493 542 1557 ‹loruiui
559 1491 708 1555 uomina
735 1492 850 1559 dicitur
876 1492 1038 1575 possidere
1055 1492 1105 1576 ²⁰),
1132 1509 1284 1574 persaepe
1306 1494 1396 1574 quasi
1418 1493 1465 1558 in-

318 1607 367 1666 tor
389 1616 423 1664 se
445 1598 476 1662 iu
499 1596 559 1660 hae
579 1615 614 1660 re
636 1595 785 1677 aequales
807 1601 840 1662 et
860 1614 953 1679 pares
975 1593 1114 1675 firmarii,
1137 1594 1293 1674 custodes,
1315 1613 1464 1676 procura-

319 1710 404 1768 tores
427 1705 652 1766 enumerantur
664 1700 714 1779 ³⁰).
768 1699 851 1777 Quin
879 1700 973 1765 otiam
1001 1697 1158 1764 ffimadus
1190 1699 1258 1780 ipse
1284 1703 1467 1780 procurator

318 1805 513 1880 vocatur³¹).
543 1803 625 1880 Quid
646 1802 742 1885 igitur
763 1802 864 1884 magis
886 1807 936 1868 est
956 1802 1003 1868 rei
1026 1802 1212 1868 conveniens
1234 1800 1296 1884 ipsi
1314 1801 1466 1884 iurepos-

320 1907 470 1972 sessionis
493 1906 658 1987 assisaque
679 1924 779 1972 novae
801 1905 986 1970 dissaisinue
1008 1904 1200 1985 denegandis
1214 1905 1278 1979 ³²)?
1305 1903 1387 1980 Quid
1410 1923 1465 1968 au-

392 2158 627 2216 torosulum:
651 2161 697 2211 lib.
715 2161 752 2211 IV
770 2175 827 2224 esp.
846 2157 876 2210 11
897 2176 935 2225 pr.
961 2159 1044 2211 dicere
1064 2161 1139 2210 etiam
1157 2160 1250 2226 poterit
1273 2159 1341 2226 quoa
1357 2161 1463 2226 querela

322 2247 358 2298 ad
376 2247 458 2312 ipsum
475 2264 527 2296 raon
539 2246 657 2311 pertinet,
674 2245 725 2295 misi
741 2245 831 2306 meisa,
849 2245 911 2311 quia
926 2263 979 2296 mom
995 2245 1075 2296 tenur't
1092 2248 1141 2296 tem'
1158 2246 1259 2296 manuae
1272 2245 1394 2311 proprr'o,
1412 2247 1466 2297 aed

323 2335 445 2394 aliems,
463 2333 543 2383 siout
560 2339 672 2387 curtos.
691 2330 872 2394 firmarius,
887 2341 1086 2396 procurator.
1106 2333 1146 2384 Oi.
1163 2333 1305 2384 Britton.
1322 2331 1399 2398 ohap.
1414 2332 1462 2382 XL

323 2436 349 2484 p.
368 2417 418 2470 173
443 2435 494 2467 ures
510 2418 533 2468 si
550 2433 628 2467 aarum
640 2418 741 2484 sermea·
762 2432 788 2466 se
803 2415 864 2466 siem
881 2433 913 2467 eu
930 2425 998 2468 terre
1024 2435 1073 2484 que
1098 2434 1130 2468 ue
1152 2418 1198 2468 sos't
1219 2417 1294 2483 paimt
1315 2424 1410 2481 utpute
1431 2433 1465 2467 me

324 2512 425 2554 arrrsrue
442 2505 470 2554 al
486 2503 671 2568 puraluaasour,
697 2501 760 2551 sile
776 2501 895 2551 staureour
909 2503 995 2567 pressat
1015 2504 1052 2553 cel
1062 2505 1149 2568 semiss
1170 2510 1194 2552 et
1210 2503 1306 2569 deupe,
1333 2519 1379 2554 sou
1397 2503 1466 2552 iscire

322 2606 443 2639 rrcauera
458 2585 491 2638 'lu
508 2596 575 2637 terre
592 2605 643 2651 par
668 2587 695 2636 la
711 2585 894 2636 corstiuuaumoe
912 2587 943 2636 de
964 2588 992 2637 la
1011 2588 1100 2638 samue
1126 2605 1157 2638 eu
1179 2605 1263 2638 masma
1289 2587 1331 2637 del
1356 2588 1466 2637 dsmaur:

330 2691 387 2737 sqq.
425 2673 460 2723 Cf
484 2673 573 2721 Flete
590 2671 639 2733 ΙΙΙ,
657 2687 680 2720 e.
703 2670 733 2720 15
751 2671 774 2731 5.
793 2671 818 2731 7,
836 2672 860 2730 9.
880 2668 921 2720 ll.

391 2755 437 2807 tlt·
456 2757 497 2806 cf.
516 2771 595 2820 surpra
612 2755 671 2805 adn.
690 2751 749 2805 ‘ltu
786 2753 825 2803 of.
844 2755 941 2805 Flota
959 2755 1005 2806 lib.
1025 2757 1061 2804 lv
1080 2771 1101 2808 a.
1123 2754 1154 2805 13
1174 2773 1212 2820 pr.
1230 2773 1255 2820 p.
1274 2755 1333 2808 tul.

391 2840 436 2906 31)
456 2841 496 2891 Cf.
516 2839 639 2892 Coneil.
663 2839 829 2890 Oxonisns
847 2856 872 2890 a.
894 2837 960 2892 1222
978 2840 1039 2890 hab.
1057 2840 1211 2898 tWillrins
1229 2841 1243 2892 1
1261 2837 1358 2907 past)
1376 2839 1467 2890 nullus

323 2929 428 2979 curura
445 2926 550 2994 aliquod
566 2925 711 2991 beneficium
727 2924 918 2976 emlssirsata‘aum
939 2925 1017 2978 adimi
1033 2925 1120 2976 tradat
1141 2926 1177 2976 ad
1187 2926 1305 2992 firmam,
1330 2942 1376 2977 meo
1392 2925 1467 2976 etiam

323 3017 423 3077 fruetus
440 3013 594 3064 devitaremus
617 3019 675 3062 aute
692 3011 877 3076 sepraratimrem
894 3012 1032 3062 earumdem
1048 3013 1156 3063 uersam
1173 3012 1237 3062 licet.
1275 3011 1306 3064 Si
1322 3011 1379 3078 quis
1394 3011 1467 3062 cleri-

325 3118 368 3151 cus
387 3099 532 3165 dmrrstm'um
550 3113 623 3149 arsuros
640 3097 668 3147 iu
684 3113 747 3147 casu
766 3097 832 3148 la'er'to
848 3098 884 3147 ad
893 3098 999 3162 firmam
1016 3099 1162 3148 consumtum
1179 3097 1299 3159 voluerut,
1325 3097 1468 3160 statuimus,

325 3194 352 3235 ut
370 3185 417 3236 ruli
430 3193 506 3252 paeto
523 3185 656 3236 sourrras'ttat
672 3183 740 3252 quod
755 3183 814 3234 vetit
831 3190 854 3232 et
871 3183 954 3232 valeat
971 3183 1055 3234 domm
1072 3191 1095 3234 et
1106 3184 1226 3250 aedefisia
1243 3183 1368 3234 aestiuare
1381 3183 1467 3233 atalia

326 3271 463 3337 lsarroru'fera
483 3271 563 3336 ipsius
585 3269 744 3334 parochialia
770 3275 793 3319 et
810 3267 962 3332 episcopalia
984 3269 1137 3333 ausficduster
1159 3267 1288 3321 summere.
1317 3269 1367 3331 Qui
1384 3276 1468 3318 autem

324 3355 468 3420 terrestrium
486 3355 520 3404 sie
536 3354 641 3404 alterius
658 3352 801 3419 usurparit,
819 3352 996 3402 archidiacano
1013 3353 1061 3404 lori
1072 3361 1252 3419 praesumetur
1269 3353 1297 3404 a'm
1314 3353 1426 3418 capitulo
1445 3361 1468 3404 et

326 3448 479 3506 tamquam
504 3439 668 3506 pererratis
688 3446 894 3503 procurator,
924 3438 1010 3506 quoad
1026 3437 1096 3488 illius
1118 3438 1262 3504 beneficium
1274 3457 1326 3504 pro
1347 3447 1466 3504 tempore,

329 3542 378 3592 quo
395 3526 461 3575 iuter
479 3542 519 3575 eos
537 3527 648 3576 comparsit
665 3525 756 3576 ididem
773 3531 909 3574 statuatur.
945 3525 985 3574 ef.
1003 3525 1093 3576 bullu
1111 3526 1133 3575 N
1139 3526 1240 3576 ieolai
1258 3525 1295 3576 lV
1313 3525 1347 3575 ed
1362 3541 1386 3576 a.
1398 3521 1464 3575 1291

329 3611 456 3662 ‹Willrina
474 3611 500 3660 ll
519 3629 535 3676 p
566 3609 633 3673 181),
666 3607 733 3674 {Qua
751 3612 852 3660 ratione
870 3611 975 3675 saepius
994 3611 1157 3674 prohibetur.
1183 3627 1216 3661 ue
1232 3607 1468 3676 patrorsiecclesias

329 3696 364 3745 ad
374 3696 480 3760 firmum
497 3702 610 3754 terrea-ut,
638 3711 717 3758 quum
736 3695 784 3744 lruo
802 3711 830 3745 re
855 3711 884 3746 se
905 3699 931 3744 in
951 3696 1063 3746 officium
1081 3697 1253 3746 intromittant
1281 3696 1322 3744 sel
1341 3695 1467 3745 ecelesias

331 3783 402 3845 ipsus
420 3782 588 3845 appropriare
606 3779 708 3829 soleant
734 3779 761 3828 af
786 3787 878 3832 conat
905 3783 1014 3846 quaed.
1034 3782 1144 3845 synod.
1162 3798 1187 3831 a.
1211 3777 1274 3830 12:37
1301 3780 1426 3840 (Willrins
1445 3780 1465 3832 1.

333 3883 358 3930 p.
376 3861 450 3928 tillir
471 3865 562 3914 elurrla
579 3865 656 3914 valde
674 3865 796 3915 notabilis
815 3883 857 3931 sp.
875 3867 991 3918 Thorn.
1014 3883 1036 3916 a.
1058 3863 1124 3917 lito
1144 3883 1170 3931 p.
1191 3863 1276 3931 illst]
1312 3868 1395 3928 Quam
1414 3867 1469 3930 qui·

333 3951 534 4000 demutationem
561 3951 586 3998 in
605 3950 785 4000 saecularibus
814 3967 916 4016 qrroqua
934 3953 1014 4002 firmis
1032 3951 1146 4000 valraisse
1174 3967 1251 4016 quam
1269 3952 1388 4016 plurimis
1406 3969 1468 4015 pro·

333 4037 410 4086 batur
429 4037 504 4101 dipl,
531 4037 557 4084 in
577 4035 670 4099 quibus
688 4035 817 4086 firmarius
848 4040 939 4102 quasi
962 4037 1145 4088 custodiam
1169 4038 1316 4086 serviens
1344 4044 1466 4086 vocatur:

331 4121 364 4170 cl.
383 4121 453 4172 hist.
470 4121 591 4170 Remea.
610 4117 675 4172 esu
693 4119 828 4186 (Galelp.
842 4121 902 4185 tls)
921 4122 954 4175 of.
972 4138 1043 4187 supr.
1063 4122 1124 4171 adu.
1136 4116 1169 4172 711
1187 4139 1212 4187 p.
1225 4120 1269 4187 193
1288 4122 1469 4192 Gervasilus

333 4205 350 4255 l.
369 4222 392 4258 c.
412 4205 443 4255 of.
463 4221 531 4270 supr.
550 4206 610 4256 adn.
633 4202 679 4257 ltu
699 4223 724 4272 p.
739 4207 783 4272 553
804 4209 930 4259 Tharne
947 4209 964 4260 1.
983 4225 1006 4259 e.
1026 4226 1050 4274 p.
1068 4206 1138 4260 31108
1156 4209 1179 4270 §-
1202 4206 1249 4272 17,
1266 4208 1329 4258 ibid.
1349 4225 1373 4273 p.
1392 4206 1469 4271 ussat,

332 4288 410 4344 9079.
429 4291 537 4343 chart.
556 4293 666 4344 XXXIV
683 4295 715 4342 in
734 4295 854 4345 Cartul.
872 4311 948 4345 mon.
968 4293 994 4345 S.
1014 4295 1042 4344 P.
1063 4294 1108 4346 (ll.
1127 4311 1152 4359 p.
1172 4289 1230 4345 166.

400 4391 982 4462 :ltucr.Britt0n.chap.XL111p.188:
1011 4403 1077 4460 toute
1097 4403 1156 4462 peut
1182 4411 1214 4446 me
1232 4403 1293 4446 aaut
1310 4411 1366 4460 mys
1385 4395 1470 4444 areiou

332 4485 449 4529 uusrreut
467 4497 484 4528 a
500 4495 632 4530 recouerer
644 4496 698 4544 par
714 4487 774 4531 astte
792 4480 883 4534 Aueiae.
921 4481 972 4532 Gar
999 4499 1017 4530 a
1037 4481 1085 4530 mul
1109 4497 1142 4531 me
1169 4487 1209 4546 ayt
1228 4480 1336 4531 remedie
1358 4488 1470 4544 praesuta

330 4581 384 4627 par
401 4572 463 4616 ceste
481 4564 577 4626 zlesiae,
604 4581 652 4631 pue
669 4581 747 4616 aoera
769 4573 818 4618 este
834 4573 928 4632 esmette
948 4566 980 4617 de
993 4567 1136 4631 possession
1153 4582 1202 4632 que
1218 4566 1238 4616 il
1255 4581 1337 4616 auara
1355 4573 1416 4614 teau
1434 4580 1469 4614 eru
