3644 5268
958 661 995 726 16

408 811 533 878 Bouiano
565 814 645 894 (soil.
669 813 764 880 abbot
786 811 820 877 oi
840 807 1128 890 Medehamstcdec)
1162 805 1215 870 tho
1247 807 1287 872 let
1318 806 1354 870 lc
1382 805 1546 872 Cuhboahc

407 913 641 977 ealdormanX
660 911 862 974 bonde-laad
883 933 903 972 a
920 921 949 972 ct
972 907 1235 991 Smhee-Itucsdc.
1258 906 1454 972 michaeae
1481 908 1548 971 aad

409 1011 476 1076 mid
496 1012 639 1093 moedwe,
663 1009 729 1074 aad
748 1009 816 1074 ozu'd
836 1011 886 1074 ecl
906 1009 988 1072 illuct
1010 1007 1098 1071 thoer
1119 1018 1150 1070 to
1178 1007 1257 1088 loci,
1292 1007 1357 1071 aad
1377 1031 1440 1072 arcu
1462 1009 1545 1072 thoet

356 1153 359 1160 ·
406 1135 457 1176 seo
482 1111 645 1177 Cutlzbaaht
665 1109 745 1198 qeuf
763 1114 851 1174 thone
873 1109 992 1172 cohorte
1008 1109 1037 1172 L
1053 1107 1164 1193 ponde
1193 1107 1282 1172 thaer-
1293 1108 1374 1191 fore
1396 1109 1462 1172 aad
1482 1111 1543 1173 ilco

405 1237 484 1302 quer
505 1237 579 1278 anca
600 1213 701 1278 aelatae
714 1211 841 1296 seormc
863 1209 960 1276 ouder
970 1209 1073 1274 XXX
1088 1209 1229 1297 ccillchye
1245 1231 1381 1297 pencya,
1402 1234 1467 1274 owu
1489 1234 1542 1274 eac

407 1319 491 1382 thart
513 1318 615 1404 eqftcr
636 1316 686 1380 Iu'c
708 1315 784 1380 daei
801 1314 905 1380 scolda
926 1337 977 1378 oco
1006 1310 1084 1377 lond
1104 1335 1223 1400 ortpcua
1244 1313 1311 1376 ahto
1333 1313 1387 1378 illo
1407 1315 1543 1382 miraeo-e.

409 1422 592 1504 Sequuntur
623 1420 751 1486 nomina
783 1419 926 1485 testium:
960 1417 1070 1497 klning
1091 1415 1175 1498 oua,
1209 1417 1318 1498 kining
1338 1415 1456 1499 ngerd
1478 1437 1545 1500 sqq.

406 1525 493 1602 Quae
514 1523 715 1588 instrumenti
736 1523 848 1587 relatio
871 1520 992 1586 duabus
1010 1518 1208 1600 potissimum
1225 1518 1399 1584 rationibus
1414 1519 1546 1602 insignis

409 1629 472 1691 est:
494 1625 630 1706 primum
653 1625 728 1707 quia
749 1642 787 1688 ee
809 1623 991 1701 edocemur,
1016 1619 1093 1684 talia
1113 1619 1250 1701 hospitia
1272 1621 1364 1701 quusi
1385 1624 1545 1689 mercedes

407 1727 597 1792 locutionum
631 1732 719 1800 (nom
752 1725 830 1790 illud
861 1724 907 1788 let
935 1728 968 1786 to
989 1721 1050 1786 laci
1071 1721 1150 1786 nihil
1172 1722 1257 1786 aliud
1279 1721 1340 1786 sibi
1362 1723 1430 1788 vult
1452 1742 1545 1806 quam

407 1828 553 1910 eleuauit)
576 1829 747 1893 constituta
759 1827 798 1908 ⁰⁰)
833 1831 928 1906 atque
954 1824 1082 1888 iamiam
1104 1823 1330 1904 antiquissimis
1352 1827 1545 1906 temporibus
1610 1815 1611 1820 ’

408 1928 449 1993 ad
470 1930 635 2010 pecuniam
659 1927 759 2008 redigi
781 1932 892 2008 coepta
913 1943 991 1991 esse.
1035 1924 1146 2006 Itaque
1178 1923 1295 1990 firma
1316 1924 1463 2010 (ieorm)
1485 1948 1545 1994 non

406 2032 499 2096 modo
521 2031 691 2111 hospitium
713 2029 826 2109 ipsum,
850 2029 907 2094 sed
929 2029 1024 2092 etiam
1045 2026 1183 2108 pretium
1199 2026 1267 2108 ejus
1286 2030 1545 2111 sonaresolebat3

407 2133 496 2210 Quod
519 2151 593 2197 vero
613 2129 786 2209 hospitium
810 2127 1033 2210 (purveyance)
1055 2145 1112 2208 pro
1133 2128 1298 2192 locationis
1322 2132 1466 2197 mercede
1484 2152 1545 2198 non

405 2251 479 2298 raro
501 2233 627 2314 legitur,
651 2229 727 2310 quid
749 2229 846 2294 habet
866 2229 959 2293 miri?
1001 2227 1057 2292 Uti
1085 2228 1169 2292 enim
1192 2229 1336 2294 omuibus
1359 2230 1494 2297 subditis
1515 2235 1546 2298 id

411 2342 562 2415 tanquam
594 2329 730 2397 officium
759 2329 916 2410 integrum
938 2329 1118 2410 impositum
1140 2335 1210 2392 erat
1231 2335 1267 2410 ut
1288 2348 1396 2412 regem
1419 2334 1548 2415 ejusque

407 2437 590 2502 comItatum
623 2451 680 2514 pro
713 2432 889 2512 hospitibus
923 2431 1102 2512 exciperent
1133 2430 1234 2510 iisque
1262 2449 1357 2511 quum
1384 2433 1463 2499 alias
1485 2454 1546 2516 res,

406 2543 475 2603 tum
498 2536 616 2601 ciboria
638 2534 933 2614 suppeditarent⁸¹)‚
955 2533 1001 2596 ita
1022 2532 1136 2612 privati
1157 2531 1335 2598 hominibus
1353 2535 1544 2602 suisetcon-

409 2639 590 2706 ductoribus
614 2637 723 2703 eadem
754 2635 966 2716 imperabant,
1000 2635 1109 2714 utique
1137 2635 1192 2698 ille
1213 2635 1427 2715 providentiae
1450 2657 1545 2704 onera

407 2741 581 2822 posteriore
616 2744 757 2818 temporo
790 2737 830 2800 ad
863 2741 981 2800 certum
1009 2735 1135 2797 modum
1157 2733 1392 2822 redigebantur,
1416 2733 1463 2805 itu
1483 2741 1544 2806 hae

410 2841 519 2906 firmm
542 2840 765 2904 conductorum
788 2837 951 2904 conlestim
973 2834 1053 2899 fixae
1076 2836 1223 2900 constitui
1245 2836 1444 2922 solebant⁶²).
1483 2841 1545 2906 Ne-

478 3091 524 3160 60)
543 3095 713 3147 Contraclum
731 3097 886 3148 locutionem
900 3095 968 3162 juris
985 3095 1161 3147 Romanorum
1186 3111 1245 3147 csse
1265 3112 1317 3146 uon
1334 3099 1461 3151 contendo
1479 3106 1545 3152 atla·

406 3197 466 3232 men
485 3183 618 3247 propriam
635 3185 832 3234 concessionem
851 3199 914 3234 usus
932 3199 978 3248 pro
996 3181 1048 3233 lixo
1066 3197 1146 3233 censu
1164 3181 1198 3232 cf.
1215 3181 1283 3233 infru
1300 3183 1362 3236 adu.
1373 3181 1470 3252 78sqq.
1506 3187 1547 3241 θ’,

406 3267 540 3318 Komble
558 3267 575 3318 l.
594 3282 617 3318 c.
636 3267 649 3317 1
668 3283 692 3333 p.
711 3261 772 3318 LXI
791 3270 955 3328 (introduct.)
972 3284 1043 3334 sqq:
1061 3274 1087 3320 ct
1103 3267 1164 3332 dipl.
1182 3266 1378 3321 mcccxuvu
1395 3276 1468 3331 (tom.
1487 3273 1546 3334 VI),

412 3353 481 3418 quod
500 3352 616 3403 continet
633 3352 799 3403 donationem
817 3370 877 3404 cum
893 3355 1071 3404 reservatione
1089 3357 1202 3417 pastus
1220 3354 1394 3420 (feormae).

478 3448 524 3516 ul)
542 3453 585 3505 CI.
600 3453 632 3503 de
650 3454 700 3503 hoc
717 3457 788 3518 regis
805 3461 883 3521 pactu
900 3456 1062 3521 ethospitio:
1080 3454 1212 3504 Kcmble
1229 3455 1243 3504 1
1261 3458 1353 3510 iutrod.
1370 3475 1395 3522 p.
1406 3457 1471 3509 LIII
1488 3474 1544 3524 sqq.

411 3539 476 3602 ibiq.
492 3537 573 3588 allatu
590 3539 775 3602 instrumentum
792 3539 859 3589 addc
876 3539 938 3602 dipl.
956 3539 1060 3589 CCCVI
1079 3537 1152 3602 (tom.
1169 3540 1197 3590 II
1215 3558 1239 3606 p.
1259 3540 1331 3592 ltili:
1359 3551 1387 3592 ut
1404 3551 1453 3593 toto
1465 3561 1545 3608 paro·

407 3621 464 3672 chio
481 3621 648 3671 Boeotorum
666 3638 683 3671 a
697 3629 775 3687 pastu
792 3637 912 3686 eqrcorum
928 3623 996 3688 rcyio
1013 3630 1037 3672 et
1053 3638 1148 3684 emm,
1166 3624 1210 3689 qui
1227 3641 1267 3675 eoo
1284 3625 1378 3675 domat
1390 3625 1506 3677 abeolm
1522 3635 1546 3678 et

408 3722 499 3758 cemma
511 3707 699 3772 perambularet.
733 3707 793 3757 Huc
811 3711 913 3772 spectat
928 3706 988 3772 leg.
1006 3707 1140 3759 Aluredl
1160 3709 1209 3762 ολ
1227 3719 1294 3762 lanc.
1312 3709 1376 3770 lpws
1388 3726 1414 3774 p.
1424 3706 1459 3760 27
1469 3710 1548 3776 sqq),

409 3807 487 3857 quam
515 3791 620 3841 Schmid
646 3807 698 3840 non
724 3791 802 3856 plane
827 3791 955 3842 intellexit
980 3792 1015 3851 (l.
1041 3807 1064 3842 c.
1091 3809 1117 3858 p.
1136 3791 1179 3856 70)
1206 3800 1232 3844 ct
1258 3795 1403 3844 document
1431 3795 1548 3846 notabile

408 3875 542 3925 CCCXIII
569 3877 597 3924 in
614 3875 726 3925 Kemble
743 3875 801 3926 cod.
818 3876 894 3941 diph,
921 3876 991 3941 quod
1015 3878 1042 3926 in
1060 3878 1182 3929 additam.
1206 3880 1218 3928 I
1241 3895 1258 3928 a
1275 3880 1369 3942 recepi.
1405 3878 1445 3930 cf.
1469 3894 1548 3944 quoq.
1631 3896 1634 3900 ·

408 3960 471 4027 dipl.
481 3960 588 4012 CLXVI
605 3961 623 4010 l.
634 3977 657 4011 c.
674 3960 699 4017 (Ι
710 3977 735 4024 p.
744 3956 807 4018 ubst
824 3961 870 4010 ubi
887 3977 934 4026 pro
947 3961 1027 4012 mcum
1044 3962 1181 4027 legendum
1198 3969 1246 4027 est,
1262 3963 1361 4016 eloim
1376 3963 1437 4014 Huc
1446 3971 1548 4030 pectet

408 4046 450 4098 lex
469 4063 572 4112 quoque
590 4046 684 4097 Canuti
702 4046 729 4096 II
746 4062 770 4098 c.
788 4044 828 4099 70.
845 4045 878 4096 cf.
897 4046 957 4100 infr.
974 4046 1034 4098 adn.
1053 4043 1096 4099 bl.

476 4127 522 4196 62)
540 4133 624 4194 Quem
643 4147 755 4183 onerosa
772 4147 957 4197 nonuunquam
974 4133 1201 4200 iucriutillaregis
1211 4135 1324 4202 hospitia
1338 4137 1431 4201 probet
1441 4138 1546 4188 Brom-

408 4218 516 4268 touius
535 4217 569 4268 ud
587 4233 610 4268 e.
629 4214 695 4269 1194
714 4217 855 4283 (Twysdeu
873 4235 898 4285 p.
918 4216 1010 4283 llum:
1038 4220 1066 4270 ἐπ
1092 4219 1248 4285 expeditione
1274 4221 1341 4272 enim
1362 4222 1459 4286 positus
1484 4222 1546 4286 (coil,

408 4318 456 4352 rea
474 4299 631 4365 cicurum)
649 4309 806 4352 calamorum
823 4303 939 4355 euacua
959 4304 1027 4356 circo
1042 4303 1182 4356 cubiculum
1199 4321 1273 4356 coum
1289 4305 1381 4356 habere
1397 4307 1474 4356 uoluit
1490 4323 1546 4358 cum

409 4385 477 4436 mille
494 4386 565 4453 equis
580 4387 737 4452 procedendo
754 4396 778 4438 ct
794 4389 893 4439 aornim
909 4405 971 4439 auce
988 4389 1119 4456 leyattono‘s
1135 4391 1434 4442 cumeacecoe'ooaumero
1441 4392 1548 4458 hospitia

409 4489 427 4522 a
443 4473 537 4522 mactis
549 4489 601 4538 per
621 4473 742 4540 capitam
759 4474 839 4542 caepit
854 4475 1020 4536 metuonidis,
1037 4476 1146 4527 mlaorce
1162 4492 1221 4527 cero
1236 4475 1339 4538 clmnuc,
1368 4493 1433 4543 quoe
1446 4478 1547 4543 pondua

410 4555 510 4622 hospitii
519 4559 595 4624 serre
611 4574 663 4608 own
678 4565 807 4624 poterunt,
834 4568 903 4611 certo
920 4575 1020 4611 summo
1043 4562 1062 4612 ι’.
1083 4577 1104 4613 c.
1131 4568 1182 4613 ocio
1207 4561 1247 4612 vel
1270 4561 1381 4628 quiaque
1401 4579 1544 4614 morcarum
