<?xml version="1.0" encoding="UTF-8"?>
<!DOCTYPE html PUBLIC "-//W3C//DTD XHTML 1.0 Transitional//EN"
    "http://www.w3.org/TR/xhtml1/DTD/xhtml1-transitional.dtd">
<html xmlns="http://www.w3.org/1999/xhtml" xml:lang="en" lang="en">
 <head>
  <title>
</title>
<meta http-equiv="Content-Type" content="text/html;charset=utf-8" />
  <meta name='ocr-system' content='tesseract 3.04.00' />
  <meta name='ocr-capabilities' content='ocr_page ocr_carea ocr_par ocr_line ocrx_word'/>
</head>
<body>
  <div class='ocr_page' id='page_1' title='image "./detransferendaa00wachgoog_0034.png"; bbox 0 0 3644 5268; ppageno 0'>
   <div class='ocr_carea' id='block_1_1' title="bbox 865 623 906 690">
    <p class='ocr_par' dir='ltr' id='par_1_1' title="bbox 865 623 906 690">
     <span class='ocr_line' id='line_1_1' title="bbox 865 623 906 690; baseline 0 0"><span class='ocrx_word' id='word_1_1' title='bbox 865 623 906 690; x_wconf 74' lang='lat'><strong>21</strong></span> 
     </span>
    </p>
   </div>
   <div class='ocr_carea' id='block_1_2' title="bbox 249 772 1511 1472">
    <p class='ocr_par' dir='ltr' id='par_1_2' title="bbox 249 772 1511 1472">
     <span class='ocr_line' id='line_1_2' title="bbox 318 772 1460 859; baseline 0 -17"><span class='ocrx_word' id='word_1_2' title='bbox 318 772 414 842; x_wconf 91' lang='lat' dir='ltr'><strong>dubio</strong></span> <span class='ocrx_word' id='word_1_3' title='bbox 437 795 475 842; x_wconf 85' lang='lat' dir='ltr'><strong>ex</strong></span> <span class='ocrx_word' id='word_1_4' title='bbox 497 775 551 853; x_wconf 84' lang='lat' dir='ltr'><strong>iis,</strong></span> <span class='ocrx_word' id='word_1_5' title='bbox 584 795 665 859; x_wconf 86' lang='lat' dir='ltr'><strong>quoe</strong></span> <span class='ocrx_word' id='word_1_6' title='bbox 693 797 793 859; x_wconf 87' lang='lat' dir='ltr'><strong>usque</strong></span> <span class='ocrx_word' id='word_1_7' title='bbox 820 778 943 843; x_wconf 85' lang='lat' dir='ltr'><strong>adhoc</strong></span> <span class='ocrx_word' id='word_1_8' title='bbox 971 781 1097 858; x_wconf 89' lang='lat' dir='ltr'><strong>tempus</strong></span> <span class='ocrx_word' id='word_1_9' title='bbox 1124 777 1282 856; x_wconf 80' lang='lat' dir='ltr'><strong>novimus,</strong></span> <span class='ocrx_word' id='word_1_10' title='bbox 1316 778 1406 843; x_wconf 89' lang='lat' dir='ltr'><strong>miles</strong></span> <span class='ocrx_word' id='word_1_11' title='bbox 1429 779 1460 842; x_wconf 92' lang='lat' dir='ltr'><strong>in</strong></span> 
     </span>
     <span class='ocr_line' id='line_1_3' title="bbox 315 878 1509 960; baseline 0.001 -17"><span class='ocrx_word' id='word_1_12' title='bbox 315 897 384 960; x_wconf 80' lang='lat' dir='ltr'><strong>cap.</strong></span> <span class='ocrx_word' id='word_1_13' title='bbox 414 879 476 944; x_wconf 90' lang='lat' dir='ltr'><strong>VII</strong></span> <span class='ocrx_word' id='word_1_14' title='bbox 507 879 677 945; x_wconf 83' lang='lat' dir='ltr'><strong>conductor</strong></span> <span class='ocrx_word' id='word_1_15' title='bbox 710 879 803 945; x_wconf 84' lang='lat' dir='ltr'><strong>villue</strong></span> <span class='ocrx_word' id='word_1_16' title='bbox 839 881 997 960; x_wconf 76' lang='lat' dir='ltr'><strong>putandus</strong></span> <span class='ocrx_word' id='word_1_17' title='bbox 1032 885 1089 944; x_wconf 83' lang='lat' dir='ltr'><strong>est</strong></span> <span class='ocrx_word' id='word_1_18' title='bbox 1146 878 1344 960; x_wconf 79' lang='lat' dir='ltr'>Quapropter</span> <span class='ocrx_word' id='word_1_19' title='bbox 1377 881 1461 944; x_wconf 89' lang='lat' dir='ltr'><strong>inter·</strong></span> <span class='ocrx_word' id='word_1_20' title='bbox 1508 953 1509 960; x_wconf 7' lang='grc' dir='ltr'>ἵ</span> 
     </span>
     <span class='ocr_line' id='line_1_4' title="bbox 316 980 1458 1063; baseline 0.004 -19"><span class='ocrx_word' id='word_1_21' title='bbox 316 981 541 1046; x_wconf 80' lang='lat' dir='ltr'><strong>monasterium</strong></span> <span class='ocrx_word' id='word_1_22' title='bbox 564 987 596 1046; x_wconf 93' lang='lat' dir='ltr'><strong>et</strong></span> <span class='ocrx_word' id='word_1_23' title='bbox 616 982 705 1046; x_wconf 90' lang='lat' dir='ltr'><strong>illum</strong></span> <span class='ocrx_word' id='word_1_24' title='bbox 726 986 904 1048; x_wconf 83' lang='lat' dir='ltr'><strong>contractus</strong></span> <span class='ocrx_word' id='word_1_25' title='bbox 926 983 1055 1063; x_wconf 83' lang='lat' dir='ltr'><strong>quidam</strong></span> <span class='ocrx_word' id='word_1_26' title='bbox 1078 980 1180 1047; x_wconf 83' lang='lat' dir='ltr'><strong>fuctus</strong></span> <span class='ocrx_word' id='word_1_27' title='bbox 1203 987 1253 1046; x_wconf 88' lang='lat' dir='ltr'><strong>est</strong></span> <span class='ocrx_word' id='word_1_28' title='bbox 1275 991 1364 1058; x_wconf 80' lang='lat' dir='ltr'><strong>(nuru</strong></span> <span class='ocrx_word' id='word_1_29' title='bbox 1386 1003 1458 1049; x_wconf 82' lang='lat' dir='ltr'><strong>eorr-</strong></span> 
     </span>
     <span class='ocr_line' id='line_1_5' title="bbox 313 1080 1458 1150; baseline 0.003 -4"><span class='ocrx_word' id='word_1_30' title='bbox 313 1082 490 1147; x_wconf 86' lang='lat' dir='ltr'><strong>oessionem</strong></span> <span class='ocrx_word' id='word_1_31' title='bbox 513 1083 555 1147; x_wconf 84' lang='lat' dir='ltr'><strong>ed</strong></span> <span class='ocrx_word' id='word_1_32' title='bbox 577 1080 698 1148; x_wconf 84' lang='lat' dir='ltr'><strong>firmam</strong></span> <span class='ocrx_word' id='word_1_33' title='bbox 722 1102 784 1148; x_wconf 91' lang='lat' dir='ltr'><strong>nou</strong></span> <span class='ocrx_word' id='word_1_34' title='bbox 806 1083 867 1148; x_wconf 92' lang='lat' dir='ltr'><strong>nisi</strong></span> <span class='ocrx_word' id='word_1_35' title='bbox 879 1083 1085 1150; x_wconf 86' lang='lat' dir='ltr'><strong>antecedente</strong></span> <span class='ocrx_word' id='word_1_36' title='bbox 1108 1088 1271 1148; x_wconf 82' lang='lat' dir='ltr'><strong>contractu</strong></span> <span class='ocrx_word' id='word_1_37' title='bbox 1293 1083 1362 1150; x_wconf 89' lang='lat' dir='ltr'><strong>fieri</strong></span> <span class='ocrx_word' id='word_1_38' title='bbox 1385 1104 1458 1150; x_wconf 89' lang='lat' dir='ltr'><strong>con·</strong></span> 
     </span>
     <span class='ocr_line' id='line_1_6' title="bbox 317 1185 1459 1268; baseline 0.002 -18"><span class='ocrx_word' id='word_1_39' title='bbox 317 1185 397 1266; x_wconf 85' lang='lat' dir='ltr'><strong>stat)</strong></span> <span class='ocrx_word' id='word_1_40' title='bbox 419 1205 482 1267; x_wconf 88' lang='lat' dir='ltr'><strong>quo</strong></span> <span class='ocrx_word' id='word_1_41' title='bbox 504 1186 664 1253; x_wconf 81' lang='lat' dir='ltr'><strong>abbatissa</strong></span> <span class='ocrx_word' id='word_1_42' title='bbox 686 1191 719 1252; x_wconf 89' lang='lat' dir='ltr'><strong>et</strong></span> <span class='ocrx_word' id='word_1_43' title='bbox 738 1192 908 1252; x_wconf 82' lang='lat' dir='ltr'><strong>conventus</strong></span> <span class='ocrx_word' id='word_1_44' title='bbox 931 1185 1024 1252; x_wconf 88' lang='lat' dir='ltr'><strong>militi</strong></span> <span class='ocrx_word' id='word_1_45' title='bbox 1048 1187 1153 1252; x_wconf 77' lang='lat' dir='ltr'><strong>iillum</strong></span> <span class='ocrx_word' id='word_1_46' title='bbox 1175 1207 1231 1268; x_wconf 89' lang='lat' dir='ltr'><strong>pro</strong></span> <span class='ocrx_word' id='word_1_47' title='bbox 1254 1193 1339 1252; x_wconf 89' lang='lat' dir='ltr'><strong>certo</strong></span> <span class='ocrx_word' id='word_1_48' title='bbox 1362 1205 1459 1252; x_wconf 86' lang='lat' dir='ltr'><strong>censu</strong></span> 
     </span>
     <span class='ocr_line' id='line_1_7' title="bbox 318 1269 1511 1372; baseline 0.003 -21"><span class='ocrx_word' id='word_1_49' title='bbox 318 1287 450 1370; x_wconf 79' lang='lat' dir='ltr'><strong>singidis</strong></span> <span class='ocrx_word' id='word_1_50' title='bbox 472 1290 563 1354; x_wconf 83' lang='lat' dir='ltr'><strong>annis</strong></span> <span class='ocrx_word' id='word_1_51' title='bbox 586 1289 743 1353; x_wconf 90' lang='lat' dir='ltr'><strong>solvendis</strong></span> <span class='ocrx_word' id='word_1_52' title='bbox 765 1289 892 1354; x_wconf 81' lang='lat' dir='ltr'><strong>dimisit.</strong></span> <span class='ocrx_word' id='word_1_53' title='bbox 928 1287 1037 1364; x_wconf 81' lang='lat' dir='ltr'><strong>Qualis</strong></span> <span class='ocrx_word' id='word_1_54' title='bbox 1059 1295 1260 1356; x_wconf 85' lang='lat' dir='ltr'><strong>veronstura</strong></span> <span class='ocrx_word' id='word_1_55' title='bbox 1280 1296 1459 1355; x_wconf 80' lang='lat' dir='ltr'><strong>contractus</strong></span> <span class='ocrx_word' id='word_1_56' title='bbox 1507 1269 1511 1372; x_wconf 60' lang='grc' dir='ltr'>ἶ</span> 
     </span>
     <span class='ocr_line' id='line_1_8' title="bbox 249 1389 1457 1472; baseline 0.001 -18"><span class='ocrx_word' id='word_1_57' title='bbox 249 1418 251 1424; x_wconf 59' lang='grc'><strong>’</strong></span> <span class='ocrx_word' id='word_1_58' title='bbox 316 1390 368 1471; x_wconf 87' lang='lat' dir='ltr'><strong>sit,</strong></span> <span class='ocrx_word' id='word_1_59' title='bbox 391 1389 473 1456; x_wconf 83' lang='lat' dir='ltr'><strong>infru</strong></span> <span class='ocrx_word' id='word_1_60' title='bbox 493 1393 526 1456; x_wconf 92' lang='lat' dir='ltr'><strong>in</strong></span> <span class='ocrx_word' id='word_1_61' title='bbox 549 1410 615 1472; x_wconf 82' lang='lat' dir='ltr'><strong>cup.</strong></span> <span class='ocrx_word' id='word_1_62' title='bbox 631 1390 676 1455; x_wconf 91' lang='lat' dir='ltr'><strong>VI</strong></span> <span class='ocrx_word' id='word_1_63' title='bbox 698 1397 884 1472; x_wconf 73' lang='lat' dir='ltr'>exponetur,</span> <span class='ocrx_word' id='word_1_64' title='bbox 907 1391 966 1456; x_wconf 87' lang='lat' dir='ltr'><strong>hoo</strong></span> <span class='ocrx_word' id='word_1_65' title='bbox 988 1391 1055 1456; x_wconf 89' lang='lat' dir='ltr'><strong>loeo</strong></span> <span class='ocrx_word' id='word_1_66' title='bbox 1078 1390 1156 1454; x_wconf 87' lang='lat' dir='ltr'><strong>satis</strong></span> <span class='ocrx_word' id='word_1_67' title='bbox 1178 1397 1228 1454; x_wconf 90' lang='lat' dir='ltr'><strong>est</strong></span> <span class='ocrx_word' id='word_1_68' title='bbox 1242 1391 1374 1456; x_wconf 86' lang='lat' dir='ltr'><strong>militem</strong></span> <span class='ocrx_word' id='word_1_69' title='bbox 1386 1411 1457 1457; x_wconf 83' lang='lat' dir='ltr'><strong>esse</strong></span> 
     </span>
    </p>
   </div>
   <div class='ocr_carea' id='block_1_3' title="bbox 321 1492 1200 1573">
    <p class='ocr_par' dir='ltr' id='par_1_3' title="bbox 321 1492 1200 1573">
     <span class='ocr_line' id='line_1_9' title="bbox 321 1492 1200 1573; baseline -0.001 -16"><span class='ocrx_word' id='word_1_70' title='bbox 321 1493 550 1573; x_wconf 82' lang='lat' dir='ltr'><strong>conductorem,</strong></span> <span class='ocrx_word' id='word_1_71' title='bbox 571 1493 755 1559; x_wconf 87' lang='lat' dir='ltr'><strong>coenobium</strong></span> <span class='ocrx_word' id='word_1_72' title='bbox 776 1493 936 1558; x_wconf 91' lang='lat' dir='ltr'><strong>dominum</strong></span> <span class='ocrx_word' id='word_1_73' title='bbox 959 1493 1053 1557; x_wconf 86' lang='lat' dir='ltr'><strong>villoe</strong></span> <span class='ocrx_word' id='word_1_74' title='bbox 1074 1492 1200 1557; x_wconf 84' lang='lat' dir='ltr'><strong>dixisse.</strong></span> 
     </span>
    </p>
   </div>
   <div class='ocr_carea' id='block_1_4' title="bbox 312 1611 1457 2613">
    <p class='ocr_par' dir='ltr' id='par_1_4' title="bbox 312 1611 1457 2613">
     <span class='ocr_line' id='line_1_10' title="bbox 403 1611 1456 1693; baseline -0.001 -17"><span class='ocrx_word' id='word_1_75' title='bbox 403 1612 579 1693; x_wconf 79' lang='lat' dir='ltr'><strong>Antequam</strong></span> <span class='ocrx_word' id='word_1_76' title='bbox 613 1631 686 1676; x_wconf 88' lang='lat' dir='ltr'><strong>vero</strong></span> <span class='ocrx_word' id='word_1_77' title='bbox 719 1611 760 1676; x_wconf 89' lang='lat' dir='ltr'><strong>od</strong></span> <span class='ocrx_word' id='word_1_78' title='bbox 781 1611 876 1676; x_wconf 83' lang='lat' dir='ltr'><strong>uliam</strong></span> <span class='ocrx_word' id='word_1_79' title='bbox 899 1613 1092 1692; x_wconf 74' lang='lat' dir='ltr'><strong>propositam</strong></span> <span class='ocrx_word' id='word_1_80' title='bbox 1108 1612 1323 1693; x_wconf 81' lang='lat' dir='ltr'><strong>quaestionem</strong></span> <span class='ocrx_word' id='word_1_81' title='bbox 1346 1629 1456 1693; x_wconf 80' lang='lat' dir='ltr'><strong>eggre-</strong></span> 
     </span>
     <span class='ocr_line' id='line_1_11' title="bbox 313 1713 1457 1797; baseline 0.001 -19"><span class='ocrx_word' id='word_1_82' title='bbox 313 1713 392 1794; x_wconf 76' lang='lat' dir='ltr'><strong>dinr,</strong></span> <span class='ocrx_word' id='word_1_83' title='bbox 425 1733 531 1780; x_wconf 90' lang='lat' dir='ltr'><strong>meum</strong></span> <span class='ocrx_word' id='word_1_84' title='bbox 558 1718 609 1780; x_wconf 88' lang='lat' dir='ltr'><strong>est</strong></span> <span class='ocrx_word' id='word_1_85' title='bbox 641 1733 703 1780; x_wconf 91' lang='lat' dir='ltr'><strong>non</strong></span> <span class='ocrx_word' id='word_1_86' title='bbox 730 1713 855 1795; x_wconf 90' lang='lat' dir='ltr'><strong>quidem</strong></span> <span class='ocrx_word' id='word_1_87' title='bbox 884 1713 1099 1794; x_wconf 81' lang='lat' dir='ltr'><strong>gratissimum</strong></span> <span class='ocrx_word' id='word_1_88' title='bbox 1132 1733 1245 1797; x_wconf 83' lang='lat' dir='ltr'><strong>graves</strong></span> <span class='ocrx_word' id='word_1_89' title='bbox 1273 1715 1313 1780; x_wconf 93' lang='lat' dir='ltr'><strong>de</strong></span> <span class='ocrx_word' id='word_1_90' title='bbox 1340 1715 1400 1780; x_wconf 86' lang='lat' dir='ltr'><strong>hue</strong></span> <span class='ocrx_word' id='word_1_91' title='bbox 1422 1734 1457 1779; x_wconf 88' lang='lat' dir='ltr'><strong>re</strong></span> 
     </span>
     <span class='ocr_line' id='line_1_12' title="bbox 314 1815 1455 1898; baseline 0.003 -18"><span class='ocrx_word' id='word_1_92' title='bbox 314 1821 505 1898; x_wconf 80' lang='lat' dir='ltr'><strong>propagatos</strong></span> <span class='ocrx_word' id='word_1_93' title='bbox 527 1835 650 1883; x_wconf 90' lang='lat' dir='ltr'><strong>errores</strong></span> <span class='ocrx_word' id='word_1_94' title='bbox 676 1815 824 1882; x_wconf 74' lang='lat' dir='ltr'><strong>refutare.</strong></span> <span class='ocrx_word' id='word_1_95' title='bbox 867 1815 1098 1898; x_wconf 88' lang='lat' dir='ltr'><strong>Lippertius</strong></span> <span class='ocrx_word' id='word_1_96' title='bbox 1123 1817 1207 1880; x_wconf 90' lang='lat' dir='ltr'><strong>enim</strong></span> <span class='ocrx_word' id='word_1_97' title='bbox 1234 1817 1266 1882; x_wconf 94' lang='lat' dir='ltr'><strong>in</strong></span> <span class='ocrx_word' id='word_1_98' title='bbox 1294 1817 1374 1883; x_wconf 88' lang='lat' dir='ltr'><strong>libro</strong></span> <span class='ocrx_word' id='word_1_99' title='bbox 1397 1835 1455 1883; x_wconf 92' lang='lat' dir='ltr'><strong>suo</strong></span> 
     </span>
     <span class='ocr_line' id='line_1_13' title="bbox 315 1917 1456 2000; baseline 0 -18"><span class='ocrx_word' id='word_1_100' title='bbox 315 1917 357 1982; x_wconf 91' lang='lat' dir='ltr'><strong>de</strong></span> <span class='ocrx_word' id='word_1_101' title='bbox 378 1919 446 1984; x_wconf 91' lang='lat' dir='ltr'><strong>iure</strong></span> <span class='ocrx_word' id='word_1_102' title='bbox 468 1920 716 2000; x_wconf 59' lang='lat' dir='ltr'><strong>potronatuswp</strong></span> <span class='ocrx_word' id='word_1_103' title='bbox 738 1937 834 1999; x_wconf 89' lang='lat' dir='ltr'><strong>quum</strong></span> <span class='ocrx_word' id='word_1_104' title='bbox 846 1919 886 1983; x_wconf 94' lang='lat' dir='ltr'><strong>de</strong></span> <span class='ocrx_word' id='word_1_105' title='bbox 901 1937 1019 1984; x_wconf 85' lang='lat' dir='ltr'><strong>esnone</strong></span> <span class='ocrx_word' id='word_1_106' title='bbox 1041 1919 1094 1982; x_wconf 91' lang='lat' dir='ltr'><strong>illo</strong></span> <span class='ocrx_word' id='word_1_107' title='bbox 1110 1919 1261 1999; x_wconf 71' lang='lat' dir='ltr'><strong>disputat</strong></span> <span class='ocrx_word' id='word_1_108' title='bbox 1284 1918 1325 1982; x_wconf 84' lang='lat' dir='ltr'><strong>ad</strong></span> <span class='ocrx_word' id='word_1_109' title='bbox 1347 1936 1456 1982; x_wconf 88' lang='lat' dir='ltr'><strong>vocem</strong></span> 
     </span>
     <span class='ocr_line' id='line_1_14' title="bbox 314 2010 1456 2102; baseline -0.003 -19"><span class='ocrx_word' id='word_1_110' title='bbox 314 2017 424 2084; x_wconf 85' lang='lat' dir='ltr'><strong>firmae</strong></span> <span class='ocrx_word' id='word_1_111' title='bbox 446 2021 716 2102; x_wconf 79' lang='lat' dir='ltr'><strong>interpretandam</strong></span> <span class='ocrx_word' id='word_1_112' title='bbox 738 2019 815 2084; x_wconf 84' lang='lat' dir='ltr'><strong>hoec</strong></span> <span class='ocrx_word' id='word_1_113' title='bbox 835 2018 942 2084; x_wconf 81' lang='lat' dir='ltr'><strong>effert:</strong></span> <span class='ocrx_word' id='word_1_114' title='bbox 970 2031 1062 2083; x_wconf 75' lang='lat' dir='ltr'><strong>enter</strong></span> <span class='ocrx_word' id='word_1_115' title='bbox 1088 2019 1156 2082; x_wconf 73' lang='lat' dir='ltr'><strong>don</strong></span> <span class='ocrx_word' id='word_1_116' title='bbox 1179 2010 1319 2083; x_wconf 75' lang='lat' dir='ltr'><strong>contract&#39;</strong></span> <span class='ocrx_word' id='word_1_117' title='bbox 1341 2017 1386 2081; x_wconf 85' lang='lat' dir='ltr'><strong>ad</strong></span> <span class='ocrx_word' id='word_1_118' title='bbox 1394 2017 1456 2102; x_wconf 80' lang='lat' dir='ltr'><strong>fir-</strong></span> 
     </span>
     <span class='ocr_line' id='line_1_15' title="bbox 316 2119 1455 2207; baseline 0 -25"><span class='ocrx_word' id='word_1_119' title='bbox 316 2143 398 2183; x_wconf 84' lang='lat' dir='ltr'><strong>mam</strong></span> <span class='ocrx_word' id='word_1_120' title='bbox 420 2121 571 2206; x_wconf 78' lang='lat' dir='ltr'><strong>(manum)</strong></span> <span class='ocrx_word' id='word_1_121' title='bbox 592 2121 724 2186; x_wconf 77' lang='lat' dir='ltr'><strong>vorstedt</strong></span> <span class='ocrx_word' id='word_1_122' title='bbox 749 2144 822 2183; x_wconf 82' lang='lat' dir='ltr'><strong>man</strong></span> <span class='ocrx_word' id='word_1_123' title='bbox 849 2119 908 2184; x_wconf 80' lang='lat' dir='ltr'><strong>den</strong></span> <span class='ocrx_word' id='word_1_124' title='bbox 931 2133 1072 2207; x_wconf 71' lang='lat' dir='ltr'><strong>oertruy,</strong></span> <span class='ocrx_word' id='word_1_125' title='bbox 1107 2119 1298 2207; x_wconf 73' lang='lat' dir='ltr'><strong>derrzzufolye</strong></span> <span class='ocrx_word' id='word_1_126' title='bbox 1320 2119 1455 2184; x_wconf 80' lang='lat' dir='ltr'><strong>einzelne</strong></span> 
     </span>
     <span class='ocr_line' id='line_1_16' title="bbox 314 2220 1455 2308; baseline 0 -23"><span class='ocrx_word' id='word_1_127' title='bbox 314 2222 540 2308; x_wconf 72' lang='lat' dir='ltr'><strong>yrundstuecke</strong></span> <span class='ocrx_word' id='word_1_128' title='bbox 562 2223 638 2287; x_wconf 84' lang='lat' dir='ltr'><strong>oder</strong></span> <span class='ocrx_word' id='word_1_129' title='bbox 658 2222 753 2286; x_wconf 74' lang='lat' dir='ltr'><strong>selbst</strong></span> <span class='ocrx_word' id='word_1_130' title='bbox 779 2222 1049 2308; x_wconf 74' lang='lat' dir='ltr'><strong>urnsanyreichers</strong></span> <span class='ocrx_word' id='word_1_131' title='bbox 1075 2222 1268 2287; x_wconf 71' lang='lat' dir='ltr'><strong>tuendos-sien</strong></span> <span class='ocrx_word' id='word_1_132' title='bbox 1298 2245 1356 2286; x_wconf 81' lang='lat' dir='ltr'><strong>uon</strong></span> <span class='ocrx_word' id='word_1_133' title='bbox 1385 2220 1455 2286; x_wconf 84' lang='lat' dir='ltr'><strong>dem</strong></span> 
     </span>
     <span class='ocr_line' id='line_1_17' title="bbox 316 2321 1455 2411; baseline 0 -26"><span class='ocrx_word' id='word_1_134' title='bbox 316 2321 540 2410; x_wconf 57' lang='lat' dir='ltr'><strong>erpentduemer</strong></span> <span class='ocrx_word' id='word_1_135' title='bbox 562 2325 720 2389; x_wconf 75' lang='lat' dir='ltr'><strong>derselben</strong></span> <span class='ocrx_word' id='word_1_136' title='bbox 742 2323 918 2409; x_wconf 78' lang='lat' dir='ltr'><strong>jemandem</strong></span> <span class='ocrx_word' id='word_1_137' title='bbox 939 2347 978 2388; x_wconf 77' lang='lat' dir='ltr'><strong>zu</strong></span> <span class='ocrx_word' id='word_1_138' title='bbox 1000 2323 1095 2388; x_wconf 82' lang='lat' dir='ltr'><strong>deren</strong></span> <span class='ocrx_word' id='word_1_139' title='bbox 1113 2347 1247 2411; x_wconf 68' lang='lat' dir='ltr'><strong>peones,</strong></span> <span class='ocrx_word' id='word_1_140' title='bbox 1273 2346 1371 2411; x_wconf 67' lang='lat' dir='ltr'><strong>yepes</strong></span> <span class='ocrx_word' id='word_1_141' title='bbox 1392 2335 1455 2386; x_wconf 81' lang='lat' dir='ltr'><strong>ent·</strong></span> 
     </span>
     <span class='ocr_line' id='line_1_18' title="bbox 317 2425 1453 2513; baseline 0 -25"><span class='ocrx_word' id='word_1_142' title='bbox 317 2425 461 2513; x_wconf 73' lang='lat' dir='ltr'><strong>rz&#39;clttunp</strong></span> <span class='ocrx_word' id='word_1_143' title='bbox 493 2429 578 2490; x_wconf 82' lang='lat' dir='ltr'><strong>einer</strong></span> <span class='ocrx_word' id='word_1_144' title='bbox 594 2425 793 2511; x_wconf 80' lang='lat' dir='ltr'><strong>jaeln·liclren</strong></span> <span class='ocrx_word' id='word_1_145' title='bbox 814 2426 931 2513; x_wconf 74' lang='lat' dir='ltr'><strong>adpahe</strong></span> <span class='ocrx_word' id='word_1_146' title='bbox 958 2428 1091 2510; x_wconf 75' lang='lat' dir='ltr'><strong>(cesores,</strong></span> <span class='ocrx_word' id='word_1_147' title='bbox 1110 2427 1271 2512; x_wconf 83' lang='lat' dir='ltr'><strong>firma)⁸¹)</strong></span> <span class='ocrx_word' id='word_1_148' title='bbox 1298 2425 1453 2490; x_wconf 75' lang='lat' dir='ltr'><strong>uerlielten</strong></span> 
     </span>
     <span class='ocr_line' id='line_1_19' title="bbox 312 2527 1451 2613; baseline 0.001 -23"><span class='ocrx_word' id='word_1_149' title='bbox 312 2527 439 2592; x_wconf 73' lang='lat' dir='ltr'><strong>sourden</strong></span> <span class='ocrx_word' id='word_1_150' title='bbox 460 2528 519 2612; x_wconf 82' lang='lat' dir='ltr'><strong>(od</strong></span> <span class='ocrx_word' id='word_1_151' title='bbox 535 2529 661 2611; x_wconf 71' lang='lat' dir='ltr'><strong>fimnam</strong></span> <span class='ocrx_word' id='word_1_152' title='bbox 682 2529 947 2593; x_wconf 79' lang='lat' dir='ltr'><strong>corrumitteduntur</strong></span> <span class='ocrx_word' id='word_1_153' title='bbox 968 2531 1033 2593; x_wconf 82' lang='lat' dir='ltr'><strong>sive</strong></span> <span class='ocrx_word' id='word_1_154' title='bbox 1055 2531 1323 2613; x_wconf 77' lang='lat' dir='ltr'><strong>concedebantur).</strong></span> <span class='ocrx_word' id='word_1_155' title='bbox 1379 2528 1451 2592; x_wconf 84' lang='lat' dir='ltr'><strong>Das</strong></span> 
     </span>
    </p>
   </div>
   <div class='ocr_carea' id='block_1_5' title="bbox 312 2630 1454 2823">
    <p class='ocr_par' dir='ltr' id='par_1_5' title="bbox 312 2630 1454 2823">
     <span class='ocr_line' id='line_1_20' title="bbox 313 2630 1454 2719; baseline 0 -25"><span class='ocrx_word' id='word_1_156' title='bbox 313 2631 372 2708; x_wconf 73' lang='lat' dir='ltr'><strong>auf</strong></span> <span class='ocrx_word' id='word_1_157' title='bbox 393 2630 578 2696; x_wconf 81' lang='lat' dir='ltr'><strong>dieseweise</strong></span> <span class='ocrx_word' id='word_1_158' title='bbox 600 2632 634 2695; x_wconf 81' lang='lat' dir='ltr'><strong>in</strong></span> <span class='ocrx_word' id='word_1_159' title='bbox 652 2631 749 2716; x_wconf 72' lang='lat' dir='ltr'><strong>pooiet</strong></span> <span class='ocrx_word' id='word_1_160' title='bbox 767 2632 916 2718; x_wconf 67' lang='lat' dir='ltr'><strong>papatem</strong></span> <span class='ocrx_word' id='word_1_161' title='bbox 930 2633 1148 2719; x_wconf 72' lang='lat' dir='ltr'><strong>qmndstueek</strong></span> <span class='ocrx_word' id='word_1_162' title='bbox 1161 2631 1454 2716; x_wconf 76' lang='lat' dir='ltr'><strong>lter&#39;sstmunufirma</strong></span> 
     </span>
     <span class='ocr_line' id='line_1_21' title="bbox 312 2733 1454 2823; baseline 0.002 -27"><span class='ocrx_word' id='word_1_163' title='bbox 312 2733 457 2814; x_wconf 68' lang='lat' dir='ltr'><strong>(sellem</strong></span> <span class='ocrx_word' id='word_1_164' title='bbox 468 2733 570 2817; x_wconf 81' lang='lat' dir='ltr'><strong>firma</strong></span> <span class='ocrx_word' id='word_1_165' title='bbox 583 2735 719 2816; x_wconf 78' lang='lat' dir='ltr'><strong>munus),</strong></span> <span class='ocrx_word' id='word_1_166' title='bbox 741 2735 808 2797; x_wconf 81' lang='lat' dir='ltr'><strong>eine</strong></span> <span class='ocrx_word' id='word_1_167' title='bbox 819 2734 1033 2823; x_wconf 72' lang='lat' dir='ltr'><strong>bezeichuuoy,</strong></span> <span class='ocrx_word' id='word_1_168' title='bbox 1056 2736 1106 2799; x_wconf 81' lang='lat' dir='ltr'><strong>die</strong></span> <span class='ocrx_word' id='word_1_169' title='bbox 1128 2735 1214 2799; x_wconf 77' lang='lat' dir='ltr'><strong>s&#39;lrren</strong></span> <span class='ocrx_word' id='word_1_170' title='bbox 1228 2733 1337 2820; x_wconf 73' lang='lat' dir='ltr'><strong>yrurrd</strong></span> <span class='ocrx_word' id='word_1_171' title='bbox 1358 2734 1454 2798; x_wconf 74' lang='lat' dir='ltr'><strong>dario</strong></span> 
     </span>
    </p>
   </div>
   <div class='ocr_carea' id='block_1_6' title="bbox 304 3010 1455 4280">
    <p class='ocr_par' dir='ltr' id='par_1_6' title="bbox 304 3010 1455 4280">
     <span class='ocr_line' id='line_1_22' title="bbox 312 3010 1454 3096; baseline 0.001 -35"><span class='ocrx_word' id='word_1_172' title='bbox 312 3010 377 3062; x_wconf 90' lang='lat' dir='ltr'><strong>illud</strong></span> <span class='ocrx_word' id='word_1_173' title='bbox 394 3017 497 3076; x_wconf 85' lang='lat' dir='ltr'><strong>tempus</strong></span> <span class='ocrx_word' id='word_1_174' title='bbox 514 3012 628 3096; x_wconf 70' lang='lat' dir='ltr'><strong>scriptus</strong></span> <span class='ocrx_word' id='word_1_175' title='bbox 646 3018 694 3076; x_wconf 83' lang='lat' dir='ltr'><strong>est,</strong></span> <span class='ocrx_word' id='word_1_176' title='bbox 712 3014 888 3077; x_wconf 80' lang='lat' dir='ltr'><strong>confirmetur,</strong></span> <span class='ocrx_word' id='word_1_177' title='bbox 905 3015 950 3066; x_wconf 89' lang='lat' dir='ltr'><strong>ubi</strong></span> <span class='ocrx_word' id='word_1_178' title='bbox 965 3014 1089 3082; x_wconf 79' lang='lat' dir='ltr'><strong>legimus:</strong></span> <span class='ocrx_word' id='word_1_179' title='bbox 1107 3014 1143 3067; x_wconf 80' lang='lat' dir='ltr'><strong>tit.</strong></span> <span class='ocrx_word' id='word_1_180' title='bbox 1160 3015 1192 3066; x_wconf 76' lang='lat' dir='ltr'><strong>de</strong></span> <span class='ocrx_word' id='word_1_181' title='bbox 1209 3013 1334 3066; x_wconf 77' lang='lat' dir='ltr'><strong>oecdouro:</strong></span> <span class='ocrx_word' id='word_1_182' title='bbox 1351 3011 1454 3080; x_wconf 69' lang='lat' dir='ltr'><strong>eriphy-</strong></span> 
     </span>
     <span class='ocr_line' id='line_1_23' title="bbox 311 3095 1455 3167; baseline 0.002 -18"><span class='ocrx_word' id='word_1_183' title='bbox 311 3095 458 3156; x_wconf 73' lang='lat' dir='ltr'><strong>tenticurius</strong></span> <span class='ocrx_word' id='word_1_184' title='bbox 474 3097 541 3149; x_wconf 76' lang='lat' dir='ltr'><strong>idem</strong></span> <span class='ocrx_word' id='word_1_185' title='bbox 558 3107 601 3161; x_wconf 68' lang='lat' dir='ltr'><strong>est,</strong></span> <span class='ocrx_word' id='word_1_186' title='bbox 619 3098 665 3166; x_wconf 75' lang='lat' dir='ltr'><strong>qui</strong></span> <span class='ocrx_word' id='word_1_187' title='bbox 680 3100 755 3167; x_wconf 67' lang='lat' dir='ltr'><strong>oulpo</strong></span> <span class='ocrx_word' id='word_1_188' title='bbox 771 3099 865 3151; x_wconf 76' lang='lat' dir='ltr'><strong>ducitur</strong></span> <span class='ocrx_word' id='word_1_189' title='bbox 874 3099 1019 3167; x_wconf 73' lang='lat' dir='ltr'><strong>fimariuo.</strong></span> <span class='ocrx_word' id='word_1_190' title='bbox 1045 3099 1224 3166; x_wconf 67' lang='lat' dir='ltr'><strong>Enmhyteusio</strong></span> <span class='ocrx_word' id='word_1_191' title='bbox 1241 3099 1307 3151; x_wconf 76' lang='lat' dir='ltr'><strong>idem</strong></span> <span class='ocrx_word' id='word_1_192' title='bbox 1323 3107 1367 3162; x_wconf 79' lang='lat' dir='ltr'><strong>est,</strong></span> <span class='ocrx_word' id='word_1_193' title='bbox 1386 3100 1455 3166; x_wconf 80' lang='lat' dir='ltr'><strong>quod</strong></span> 
     </span>
     <span class='ocr_line' id='line_1_24' title="bbox 304 3184 1453 3252; baseline 0.001 -17"><span class='ocrx_word' id='word_1_194' title='bbox 304 3187 403 3252; x_wconf 77' lang='lat' dir='ltr'><strong>serora.</strong></span> <span class='ocrx_word' id='word_1_195' title='bbox 422 3211 452 3221; x_wconf 95' lang='lat'><em>-</em></span> <span class='ocrx_word' id='word_1_196' title='bbox 472 3184 559 3251; x_wconf 79' lang='lat' dir='ltr'><strong>Atque</strong></span> <span class='ocrx_word' id='word_1_197' title='bbox 577 3186 720 3237; x_wconf 70' lang='lat' dir='ltr'><strong>eumdum</strong></span> <span class='ocrx_word' id='word_1_198' title='bbox 739 3193 788 3248; x_wconf 83' lang='lat' dir='ltr'><strong>est,</strong></span> <span class='ocrx_word' id='word_1_199' title='bbox 805 3187 871 3237; x_wconf 87' lang='lat' dir='ltr'><strong>iliud</strong></span> <span class='ocrx_word' id='word_1_200' title='bbox 889 3187 1022 3238; x_wconf 87' lang='lat' dir='ltr'><strong>deerstum</strong></span> <span class='ocrx_word' id='word_1_201' title='bbox 1040 3187 1209 3252; x_wconf 70' lang='lat' dir='ltr'><strong>(cupxffl</strong></span> <span class='ocrx_word' id='word_1_202' title='bbox 1218 3184 1273 3249; x_wconf 82' lang='lat' dir='ltr'><strong>cit)</strong></span> <span class='ocrx_word' id='word_1_203' title='bbox 1291 3191 1383 3251; x_wconf 81' lang='lat' dir='ltr'><strong>postea</strong></span> <span class='ocrx_word' id='word_1_204' title='bbox 1394 3187 1453 3237; x_wconf 85' lang='lat' dir='ltr'><strong>utiis</strong></span> 
     </span>
     <span class='ocr_line' id='line_1_25' title="bbox 312 3269 1451 3335; baseline 0.002 -16"><span class='ocrx_word' id='word_1_205' title='bbox 312 3271 542 3320; x_wconf 75' lang='lat' dir='ltr'><strong>constitutionibus</strong></span> <span class='ocrx_word' id='word_1_206' title='bbox 560 3270 739 3320; x_wconf 82' lang='lat' dir='ltr'><strong>confirmatum</strong></span> <span class='ocrx_word' id='word_1_207' title='bbox 757 3287 829 3322; x_wconf 84' lang='lat' dir='ltr'><strong>esse:</strong></span> <span class='ocrx_word' id='word_1_208' title='bbox 856 3273 895 3321; x_wconf 92' lang='lat' dir='ltr'><strong>uti</strong></span> <span class='ocrx_word' id='word_1_209' title='bbox 916 3272 982 3321; x_wconf 86' lang='lat' dir='ltr'><strong>liter.</strong></span> <span class='ocrx_word' id='word_1_210' title='bbox 1008 3273 1079 3335; x_wconf 87' lang='lat' dir='ltr'><strong>epise</strong></span> <span class='ocrx_word' id='word_1_211' title='bbox 1106 3272 1267 3321; x_wconf 82' lang='lat' dir='ltr'><strong>Norwieens.</strong></span> <span class='ocrx_word' id='word_1_212' title='bbox 1294 3269 1451 3331; x_wconf 74' lang='lat' dir='ltr'><strong>(Annales</strong></span> 
     </span>
     <span class='ocr_line' id='line_1_26' title="bbox 311 3351 1453 3420; baseline 0 -16"><span class='ocrx_word' id='word_1_213' title='bbox 311 3355 348 3405; x_wconf 84' lang='lat' dir='ltr'><strong>de</strong></span> <span class='ocrx_word' id='word_1_214' title='bbox 365 3356 489 3405; x_wconf 86' lang='lat' dir='ltr'><strong>Burtou</strong></span> <span class='ocrx_word' id='word_1_215' title='bbox 506 3373 530 3420; x_wconf 92' lang='lat' dir='ltr'><strong>p.</strong></span> <span class='ocrx_word' id='word_1_216' title='bbox 551 3351 613 3418; x_wconf 72' lang='lat'>3‘20)</span> <span class='ocrx_word' id='word_1_217' title='bbox 630 3370 655 3406; x_wconf 55' lang='lat' dir='ltr'><strong>a»</strong></span> <span class='ocrx_word' id='word_1_218' title='bbox 675 3351 755 3406; x_wconf 72' lang='lat' dir='ltr'><strong>ltus:</strong></span> <span class='ocrx_word' id='word_1_219' title='bbox 782 3353 897 3405; x_wconf 83' lang='lat' dir='ltr'><strong>uolumus</strong></span> <span class='ocrx_word' id='word_1_220' title='bbox 914 3355 1003 3417; x_wconf 74' lang='grc' dir='ltr'><em>είίαηι,</em></span> <span class='ocrx_word' id='word_1_221' title='bbox 1030 3355 1162 3405; x_wconf 72' lang='grc' dir='ltr'><strong>ω’ίιιείιιπι</strong></span> <span class='ocrx_word' id='word_1_222' title='bbox 1184 3354 1251 3405; x_wconf 74' lang='lat' dir='ltr'><strong>vobis</strong></span> <span class='ocrx_word' id='word_1_223' title='bbox 1267 3355 1348 3404; x_wconf 81' lang='lat' dir='ltr'><strong>visum</strong></span> <span class='ocrx_word' id='word_1_224' title='bbox 1359 3355 1453 3420; x_wconf 68' lang='lat' dir='ltr'><strong>feeerit,</strong></span> 
     </span>
     <span class='ocr_line' id='line_1_27' title="bbox 310 3439 1452 3506; baseline -0.001 -16"><span class='ocrx_word' id='word_1_225' title='bbox 310 3439 389 3506; x_wconf 77' lang='lat' dir='ltr'><strong>iquod</strong></span> <span class='ocrx_word' id='word_1_226' title='bbox 405 3439 578 3505; x_wconf 67' lang='lat' dir='ltr'><strong>anomoioque</strong></span> <span class='ocrx_word' id='word_1_227' title='bbox 595 3440 666 3490; x_wconf 81' lang='lat' dir='ltr'><strong>cuius</strong></span> <span class='ocrx_word' id='word_1_228' title='bbox 683 3439 786 3490; x_wconf 77' lang='lat' dir='ltr'><strong>ecclesia</strong></span> <span class='ocrx_word' id='word_1_229' title='bbox 802 3448 901 3490; x_wconf 80' lang='lat' dir='ltr'><strong>tenetur</strong></span> <span class='ocrx_word' id='word_1_230' title='bbox 918 3440 953 3489; x_wconf 83' lang='lat' dir='ltr'><strong>ad</strong></span> <span class='ocrx_word' id='word_1_231' title='bbox 962 3441 1077 3506; x_wconf 82' lang='lat' dir='ltr'><strong>firnram,</strong></span> <span class='ocrx_word' id='word_1_232' title='bbox 1095 3439 1168 3489; x_wconf 76' lang='lat' dir='ltr'><strong>iuxta</strong></span> <span class='ocrx_word' id='word_1_233' title='bbox 1177 3440 1342 3503; x_wconf 72' lang='lat' dir='ltr'><strong>quaestitatem</strong></span> <span class='ocrx_word' id='word_1_234' title='bbox 1349 3441 1452 3505; x_wconf 78' lang='lat' dir='ltr'><strong>firmae,</strong></span> 
     </span>
     <span class='ocr_line' id='line_1_28' title="bbox 309 3523 1449 3591; baseline -0.001 -17"><span class='ocrx_word' id='word_1_235' title='bbox 309 3542 389 3591; x_wconf 79' lang='lat' dir='ltr'><strong>quam</strong></span> <span class='ocrx_word' id='word_1_236' title='bbox 406 3525 497 3590; x_wconf 77' lang='lat' dir='ltr'><strong>recepit</strong></span> <span class='ocrx_word' id='word_1_237' title='bbox 514 3525 665 3590; x_wconf 79' lang='lat' dir='ltr'><strong>respmuteat</strong></span> <span class='ocrx_word' id='word_1_238' title='bbox 682 3523 783 3575; x_wconf 74' lang='lat' dir='ltr'><strong>deciduis</strong></span> <span class='ocrx_word' id='word_1_239' title='bbox 801 3543 858 3590; x_wconf 88' lang='lat' dir='ltr'><strong>sqq.</strong></span> <span class='ocrx_word' id='word_1_240' title='bbox 882 3525 922 3576; x_wconf 83' lang='lat' dir='ltr'><strong>cf.</strong></span> <span class='ocrx_word' id='word_1_241' title='bbox 941 3543 1019 3591; x_wconf 89' lang='lat' dir='ltr'><strong>quoq.</strong></span> <span class='ocrx_word' id='word_1_242' title='bbox 1042 3525 1114 3576; x_wconf 83' lang='lat' dir='ltr'><strong>buliu</strong></span> <span class='ocrx_word' id='word_1_243' title='bbox 1133 3541 1193 3590; x_wconf 78' lang='lat' dir='ltr'><strong>pap.</strong></span> <span class='ocrx_word' id='word_1_244' title='bbox 1213 3525 1314 3575; x_wconf 81' lang='lat' dir='ltr'><strong>Nicolui</strong></span> <span class='ocrx_word' id='word_1_245' title='bbox 1332 3525 1370 3574; x_wconf 90' lang='lat' dir='ltr'><strong>IV</strong></span> <span class='ocrx_word' id='word_1_246' title='bbox 1389 3541 1449 3574; x_wconf 87' lang='lat' dir='ltr'><strong>eon-</strong></span> 
     </span>
     <span class='ocr_line' id='line_1_29' title="bbox 311 3607 1449 3678; baseline -0.002 -16"><span class='ocrx_word' id='word_1_247' title='bbox 311 3613 397 3662; x_wconf 86' lang='lat' dir='ltr'><strong>tinens</strong></span> <span class='ocrx_word' id='word_1_248' title='bbox 415 3627 475 3664; x_wconf 87' lang='lat' dir='ltr'><strong>uov.</strong></span> <span class='ocrx_word' id='word_1_249' title='bbox 494 3615 575 3662; x_wconf 78' lang='lat' dir='ltr'><strong>tuot.</strong></span> <span class='ocrx_word' id='word_1_250' title='bbox 593 3627 619 3661; x_wconf 84' lang='lat' dir='ltr'><strong>s.</strong></span> <span class='ocrx_word' id='word_1_251' title='bbox 639 3608 704 3663; x_wconf 74' lang='lat' dir='ltr'><strong>itti</strong></span> <span class='ocrx_word' id='word_1_252' title='bbox 725 3611 875 3674; x_wconf 80' lang='lat' dir='ltr'><strong>(Wilkins</strong></span> <span class='ocrx_word' id='word_1_253' title='bbox 893 3611 919 3661; x_wconf 89' lang='lat'><strong>11</strong></span> <span class='ocrx_word' id='word_1_254' title='bbox 938 3629 962 3678; x_wconf 88' lang='lat' dir='ltr'><strong>p.</strong></span> <span class='ocrx_word' id='word_1_255' title='bbox 975 3609 1038 3668; x_wconf 69' lang='lat' dir='ltr'><strong>lsl)</strong></span> <span class='ocrx_word' id='word_1_256' title='bbox 1059 3628 1112 3677; x_wconf 81' lang='lat' dir='ltr'><strong>qua</strong></span> <span class='ocrx_word' id='word_1_257' title='bbox 1129 3627 1200 3673; x_wconf 86' lang='lat' dir='ltr'><strong>vero,</strong></span> <span class='ocrx_word' id='word_1_258' title='bbox 1219 3612 1256 3661; x_wconf 89' lang='lat' dir='ltr'><strong>uti</strong></span> <span class='ocrx_word' id='word_1_259' title='bbox 1274 3613 1317 3661; x_wconf 88' lang='lat' dir='ltr'><strong>eit.</strong></span> <span class='ocrx_word' id='word_1_260' title='bbox 1338 3607 1374 3661; x_wconf 78' lang='lat' dir='ltr'><strong>tit.</strong></span> <span class='ocrx_word' id='word_1_261' title='bbox 1393 3617 1449 3661; x_wconf 85' lang='lat' dir='ltr'><strong>tun·</strong></span> 
     </span>
     <span class='ocr_line' id='line_1_30' title="bbox 315 3697 1451 3764; baseline -0.001 -17"><span class='ocrx_word' id='word_1_262' title='bbox 315 3701 369 3748; x_wconf 90' lang='lat' dir='ltr'><strong>tum</strong></span> <span class='ocrx_word' id='word_1_263' title='bbox 387 3698 420 3748; x_wconf 85' lang='lat' dir='ltr'><strong>ab</strong></span> <span class='ocrx_word' id='word_1_264' title='bbox 440 3713 484 3760; x_wconf 87' lang='lat' dir='ltr'><strong>eo,</strong></span> <span class='ocrx_word' id='word_1_265' title='bbox 503 3699 548 3762; x_wconf 89' lang='lat' dir='ltr'><strong>qui</strong></span> <span class='ocrx_word' id='word_1_266' title='bbox 566 3697 600 3747; x_wconf 85' lang='lat' dir='ltr'><strong>sd</strong></span> <span class='ocrx_word' id='word_1_267' title='bbox 617 3697 717 3747; x_wconf 81' lang='lat' dir='ltr'><strong>firmam</strong></span> <span class='ocrx_word' id='word_1_268' title='bbox 736 3698 849 3761; x_wconf 87' lang='lat' dir='ltr'><strong>dederit,</strong></span> <span class='ocrx_word' id='word_1_269' title='bbox 876 3699 992 3748; x_wconf 83' lang='lat' dir='ltr'><strong>decimus</strong></span> <span class='ocrx_word' id='word_1_270' title='bbox 1010 3697 1182 3764; x_wconf 77' lang='lat' dir='ltr'><strong>praestandus</strong></span> <span class='ocrx_word' id='word_1_271' title='bbox 1201 3712 1259 3747; x_wconf 88' lang='lat' dir='ltr'><strong>esse</strong></span> <span class='ocrx_word' id='word_1_272' title='bbox 1276 3698 1451 3746; x_wconf 77' lang='lat' dir='ltr'><strong>constituitur.</strong></span> 
     </span>
     <span class='ocr_line' id='line_1_31' title="bbox 312 3782 1450 3850; baseline 0 -17"><span class='ocrx_word' id='word_1_273' title='bbox 312 3783 408 3834; x_wconf 85' lang='lat' dir='ltr'><strong>Verum</strong></span> <span class='ocrx_word' id='word_1_274' title='bbox 427 3783 532 3834; x_wconf 68' lang='lat' dir='ltr'><strong>nuditio</strong></span> <span class='ocrx_word' id='word_1_275' title='bbox 555 3783 713 3833; x_wconf 79' lang='lat' dir='ltr'><strong>deeimarum</strong></span> <span class='ocrx_word' id='word_1_276' title='bbox 740 3783 774 3833; x_wconf 80' lang='lat' dir='ltr'><strong>ud</strong></span> <span class='ocrx_word' id='word_1_277' title='bbox 797 3783 897 3834; x_wconf 83' lang='lat' dir='ltr'><strong>firmum</strong></span> <span class='ocrx_word' id='word_1_278' title='bbox 923 3801 1007 3850; x_wconf 84' lang='lat' dir='ltr'><strong>neque</strong></span> <span class='ocrx_word' id='word_1_279' title='bbox 1026 3784 1156 3834; x_wconf 90' lang='lat' dir='ltr'><strong>insolitum</strong></span> <span class='ocrx_word' id='word_1_280' title='bbox 1180 3789 1237 3833; x_wconf 79' lang='lat' dir='ltr'><strong>erut</strong></span> <span class='ocrx_word' id='word_1_281' title='bbox 1263 3799 1347 3848; x_wconf 86' lang='lat' dir='ltr'><strong>neque</strong></span> <span class='ocrx_word' id='word_1_282' title='bbox 1374 3782 1450 3848; x_wconf 87' lang='lat' dir='ltr'><strong>quid·</strong></span> 
     </span>
     <span class='ocr_line' id='line_1_32' title="bbox 313 3865 1451 3934; baseline -0.001 -15"><span class='ocrx_word' id='word_1_283' title='bbox 313 3884 390 3934; x_wconf 88' lang='lat' dir='ltr'><strong>quum</strong></span> <span class='ocrx_word' id='word_1_284' title='bbox 408 3869 500 3919; x_wconf 80' lang='lat' dir='ltr'><strong>hebuit</strong></span> <span class='ocrx_word' id='word_1_285' title='bbox 518 3869 662 3934; x_wconf 75' lang='lat' dir='ltr'><strong>singulare:</strong></span> <span class='ocrx_word' id='word_1_286' title='bbox 688 3869 721 3919; x_wconf 87' lang='lat' dir='ltr'><strong>et.</strong></span> <span class='ocrx_word' id='word_1_287' title='bbox 740 3869 866 3920; x_wconf 84' lang='lat' dir='ltr'><strong>Thorne</strong></span> <span class='ocrx_word' id='word_1_288' title='bbox 884 3869 901 3920; x_wconf 95' lang='lat' dir='ltr'><strong>l.</strong></span> <span class='ocrx_word' id='word_1_289' title='bbox 920 3886 943 3921; x_wconf 84' lang='lat' dir='ltr'><strong>e.</strong></span> <span class='ocrx_word' id='word_1_290' title='bbox 970 3885 1028 3934; x_wconf 86' lang='lat' dir='ltr'><strong>esp.</strong></span> <span class='ocrx_word' id='word_1_291' title='bbox 1046 3869 1080 3922; x_wconf 64' lang='grc' dir='ltr'><em>Ἡ</em></span> <span class='ocrx_word' id='word_1_292' title='bbox 1104 3868 1162 3930; x_wconf 78' lang='lat'><strong>§.8</strong></span> <span class='ocrx_word' id='word_1_293' title='bbox 1190 3885 1215 3933; x_wconf 87' lang='lat' dir='ltr'><strong>p.</strong></span> <span class='ocrx_word' id='word_1_294' title='bbox 1234 3865 1301 3920; x_wconf 78' lang='lat'>1895</span> <span class='ocrx_word' id='word_1_295' title='bbox 1328 3868 1390 3932; x_wconf 88' lang='lat' dir='ltr'><strong>dipl.</strong></span> <span class='ocrx_word' id='word_1_296' title='bbox 1418 3867 1451 3918; x_wconf 83' lang='lat' dir='ltr'><strong>de</strong></span> 
     </span>
     <span class='ocr_line' id='line_1_33' title="bbox 313 3953 1450 4020; baseline 0.001 -16"><span class='ocrx_word' id='word_1_297' title='bbox 313 3955 419 4006; x_wconf 82' lang='lat' dir='ltr'><strong>decimis</strong></span> <span class='ocrx_word' id='word_1_298' title='bbox 446 3955 480 4005; x_wconf 82' lang='lat' dir='ltr'><strong>sd</strong></span> <span class='ocrx_word' id='word_1_299' title='bbox 497 3954 594 4006; x_wconf 80' lang='lat' dir='ltr'><strong>firmum</strong></span> <span class='ocrx_word' id='word_1_300' title='bbox 614 3971 660 4020; x_wconf 88' lang='lat' dir='ltr'><strong>pro</strong></span> <span class='ocrx_word' id='word_1_301' title='bbox 678 3954 726 4004; x_wconf 84' lang='lat' dir='ltr'><strong>XX</strong></span> <span class='ocrx_word' id='word_1_302' title='bbox 746 3957 841 4006; x_wconf 82' lang='lat' dir='ltr'><strong>nrureis</strong></span> <span class='ocrx_word' id='word_1_303' title='bbox 858 3959 951 4006; x_wconf 75' lang='lat' dir='ltr'><strong>annuis</strong></span> <span class='ocrx_word' id='word_1_304' title='bbox 969 3955 1070 4006; x_wconf 85' lang='lat' dir='ltr'><strong>locutis.</strong></span> <span class='ocrx_word' id='word_1_305' title='bbox 1106 3955 1179 4018; x_wconf 83' lang='lat' dir='ltr'><strong>Cup.</strong></span> <span class='ocrx_word' id='word_1_306' title='bbox 1198 3953 1226 4004; x_wconf 88' lang='lat' dir='ltr'><strong>It</strong></span> <span class='ocrx_word' id='word_1_307' title='bbox 1243 3953 1269 4002; x_wconf 87' lang='lat' dir='ltr'>X</span> <span class='ocrx_word' id='word_1_308' title='bbox 1291 3953 1329 4003; x_wconf 88' lang='lat' dir='ltr'><strong>de</strong></span> <span class='ocrx_word' id='word_1_309' title='bbox 1351 3954 1450 4005; x_wconf 79' lang='lat' dir='ltr'><strong>locut.</strong></span> 
     </span>
     <span class='ocr_line' id='line_1_34' title="bbox 313 4040 1449 4106; baseline 0 -16"><span class='ocrx_word' id='word_1_310' title='bbox 313 4047 400 4091; x_wconf 80' lang='lat' dir='ltr'><strong>autem</strong></span> <span class='ocrx_word' id='word_1_311' title='bbox 418 4046 520 4106; x_wconf 80' lang='lat' dir='ltr'><strong>egomet</strong></span> <span class='ocrx_word' id='word_1_312' title='bbox 537 4046 636 4092; x_wconf 81' lang='lat' dir='ltr'><strong>tuntum</strong></span> <span class='ocrx_word' id='word_1_313' title='bbox 655 4041 818 4105; x_wconf 78' lang='lat' dir='ltr'><strong>privilegium</strong></span> <span class='ocrx_word' id='word_1_314' title='bbox 838 4041 968 4106; x_wconf 74' lang='lat' dir='ltr'><strong>quoddam</strong></span> <span class='ocrx_word' id='word_1_315' title='bbox 986 4042 1074 4092; x_wconf 82' lang='lat' dir='ltr'><strong>dutum</strong></span> <span class='ocrx_word' id='word_1_316' title='bbox 1093 4040 1185 4102; x_wconf 83' lang='lat' dir='ltr'><strong>habeo,</strong></span> <span class='ocrx_word' id='word_1_317' title='bbox 1204 4055 1362 4104; x_wconf 80' lang='lat' dir='ltr'><strong>quamquam</strong></span> <span class='ocrx_word' id='word_1_318' title='bbox 1378 4055 1449 4090; x_wconf 82' lang='lat' dir='ltr'><strong>reee-</strong></span> 
     </span>
     <span class='ocr_line' id='line_1_35' title="bbox 312 4121 1449 4192; baseline 0 -16"><span class='ocrx_word' id='word_1_319' title='bbox 312 4127 402 4192; x_wconf 85' lang='lat' dir='ltr'><strong>ptione</strong></span> <span class='ocrx_word' id='word_1_320' title='bbox 428 4127 455 4174; x_wconf 91' lang='lat' dir='ltr'><strong>in</strong></span> <span class='ocrx_word' id='word_1_321' title='bbox 473 4141 543 4191; x_wconf 88' lang='lat' dir='ltr'><strong>eorp.</strong></span> <span class='ocrx_word' id='word_1_322' title='bbox 561 4127 610 4176; x_wconf 86' lang='lat' dir='ltr'><strong>iur.</strong></span> <span class='ocrx_word' id='word_1_323' title='bbox 636 4126 676 4177; x_wconf 81' lang='lat' dir='ltr'><strong>lex</strong></span> <span class='ocrx_word' id='word_1_324' title='bbox 705 4127 837 4192; x_wconf 75' lang='lat' dir='ltr'><strong>generalis</strong></span> <span class='ocrx_word' id='word_1_325' title='bbox 863 4127 960 4177; x_wconf 81' lang='lat' dir='ltr'><strong>tactum</strong></span> <span class='ocrx_word' id='word_1_326' title='bbox 987 4133 1035 4177; x_wconf 85' lang='lat' dir='ltr'><strong>est.</strong></span> <span class='ocrx_word' id='word_1_327' title='bbox 1080 4127 1146 4176; x_wconf 81' lang='lat' dir='ltr'><strong>Num</strong></span> <span class='ocrx_word' id='word_1_328' title='bbox 1170 4143 1194 4175; x_wconf 81' lang='lat' dir='ltr'><strong>a.</strong></span> <span class='ocrx_word' id='word_1_329' title='bbox 1216 4121 1282 4176; x_wconf 72' lang='lat' dir='ltr'><strong>rtur</strong></span> <span class='ocrx_word' id='word_1_330' title='bbox 1309 4126 1335 4174; x_wconf 89' lang='lat' dir='ltr'><strong>in</strong></span> <span class='ocrx_word' id='word_1_331' title='bbox 1354 4124 1449 4176; x_wconf 80' lang='lat' dir='ltr'><strong>Cone.</strong></span> 
     </span>
     <span class='ocr_line' id='line_1_36' title="bbox 312 4207 1448 4280; baseline -0.001 -18"><span class='ocrx_word' id='word_1_332' title='bbox 312 4211 489 4263; x_wconf 84' lang='lat' dir='ltr'><strong>Oxouiensi</strong></span> <span class='ocrx_word' id='word_1_333' title='bbox 508 4217 606 4264; x_wconf 66' lang='lat' dir='ltr'><strong>statuto</strong></span> <span class='ocrx_word' id='word_1_334' title='bbox 623 4213 751 4280; x_wconf 73' lang='lat' dir='ltr'><strong>abrogato</strong></span> <span class='ocrx_word' id='word_1_335' title='bbox 769 4230 893 4280; x_wconf 85' lang='lat' dir='ltr'><strong>expresse</strong></span> <span class='ocrx_word' id='word_1_336' title='bbox 910 4211 1293 4276; x_wconf 69' lang='lat' dir='ltr'><strong>confirmabunturtWilkins</strong></span> <span class='ocrx_word' id='word_1_337' title='bbox 1310 4211 1323 4261; x_wconf 92' lang='lat'>1</span> <span class='ocrx_word' id='word_1_338' title='bbox 1341 4229 1366 4277; x_wconf 89' lang='lat' dir='ltr'><strong>p.</strong></span> <span class='ocrx_word' id='word_1_339' title='bbox 1376 4207 1448 4276; x_wconf 77' lang='grc'><strong>596).</strong></span> 
     </span>
    </p>
   </div>
   <div class='ocr_carea' id='block_1_7' title="bbox 311 4314 1448 4471">
    <p class='ocr_par' dir='ltr' id='par_1_7' title="bbox 311 4314 1448 4471">
     <span class='ocr_line' id='line_1_37' title="bbox 379 4314 1448 4384; baseline 0 -16"><span class='ocrx_word' id='word_1_340' title='bbox 379 4314 427 4375; x_wconf 81' lang='lat'><strong>80)</strong></span> <span class='ocrx_word' id='word_1_341' title='bbox 445 4317 563 4367; x_wconf 83' lang='lat' dir='ltr'><strong>Versuch</strong></span> <span class='ocrx_word' id='word_1_342' title='bbox 580 4318 653 4368; x_wconf 84' lang='lat' dir='ltr'><strong>einer</strong></span> <span class='ocrx_word' id='word_1_343' title='bbox 669 4315 1009 4384; x_wconf 78' lang='lat' dir='ltr'><strong>historioh-dogmatisehen</strong></span> <span class='ocrx_word' id='word_1_344' title='bbox 1023 4316 1216 4382; x_wconf 81' lang='lat' dir='ltr'><strong>entwiekeluug</strong></span> <span class='ocrx_word' id='word_1_345' title='bbox 1235 4314 1281 4366; x_wconf 87' lang='lat' dir='ltr'><strong>der</strong></span> <span class='ocrx_word' id='word_1_346' title='bbox 1298 4315 1371 4366; x_wconf 86' lang='lat' dir='ltr'><strong>lehre</strong></span> <span class='ocrx_word' id='word_1_347' title='bbox 1388 4333 1448 4368; x_wconf 83' lang='lat' dir='ltr'><strong>vom</strong></span> 
     </span>
     <span class='ocr_line' id='line_1_38' title="bbox 311 4401 803 4471; baseline 0 -16"><span class='ocrx_word' id='word_1_348' title='bbox 311 4409 440 4469; x_wconf 82' lang='lat' dir='ltr'><strong>pstronst.</strong></span> <span class='ocrx_word' id='word_1_349' title='bbox 479 4403 589 4455; x_wconf 82' lang='lat' dir='ltr'><strong>Giessou</strong></span> <span class='ocrx_word' id='word_1_350' title='bbox 610 4401 683 4468; x_wconf 71' lang='lat'><strong>1829,</strong></span> <span class='ocrx_word' id='word_1_351' title='bbox 700 4421 725 4471; x_wconf 88' lang='lat' dir='ltr'><strong>p.</strong></span> <span class='ocrx_word' id='word_1_352' title='bbox 745 4401 803 4456; x_wconf 78' lang='lat'><strong>163.</strong></span> 
     </span>
    </p>
   </div>
   <div class='ocr_carea' id='block_1_8' title="bbox 308 4504 1449 4646">
    <p class='ocr_par' dir='ltr' id='par_1_8' title="bbox 308 4504 1449 4646">
     <span class='ocr_line' id='line_1_39' title="bbox 379 4504 1449 4575; baseline -0.003 -17"><span class='ocrx_word' id='word_1_353' title='bbox 379 4504 427 4567; x_wconf 80' lang='lat'><strong>81)</strong></span> <span class='ocrx_word' id='word_1_354' title='bbox 445 4505 606 4574; x_wconf 75' lang='lat' dir='ltr'><strong>Argumento</strong></span> <span class='ocrx_word' id='word_1_355' title='bbox 624 4509 701 4560; x_wconf 83' lang='lat' dir='ltr'><strong>utiert</strong></span> <span class='ocrx_word' id='word_1_356' title='bbox 726 4524 757 4559; x_wconf 85' lang='lat' dir='ltr'><strong>ex</strong></span> <span class='ocrx_word' id='word_1_357' title='bbox 774 4509 819 4560; x_wconf 92' lang='lat' dir='ltr'><strong>Du</strong></span> <span class='ocrx_word' id='word_1_358' title='bbox 837 4509 931 4575; x_wconf 73' lang='lat' dir='ltr'><strong>cangii</strong></span> <span class='ocrx_word' id='word_1_359' title='bbox 949 4508 1030 4574; x_wconf 77' lang='lat' dir='ltr'><strong>gloss.</strong></span> <span class='ocrx_word' id='word_1_360' title='bbox 1049 4506 1151 4573; x_wconf 85' lang='lat' dir='ltr'><strong>epistol.</strong></span> <span class='ocrx_word' id='word_1_361' title='bbox 1170 4505 1266 4571; x_wconf 79' lang='lat' dir='ltr'><strong>quand.</strong></span> <span class='ocrx_word' id='word_1_362' title='bbox 1284 4505 1402 4556; x_wconf 81' lang='lat' dir='ltr'><strong>Edusudi</strong></span> <span class='ocrx_word' id='word_1_363' title='bbox 1423 4508 1449 4556; x_wconf 87' lang='lat' dir='ltr'><strong>iu</strong></span> 
     </span>
     <span class='ocr_line' id='line_1_40' title="bbox 308 4589 448 4646; baseline 0.007 -3"><span class='ocrx_word' id='word_1_364' title='bbox 308 4592 370 4643; x_wconf 78' lang='lat' dir='ltr'><strong>udn.</strong></span> <span class='ocrx_word' id='word_1_365' title='bbox 387 4589 448 4646; x_wconf 69' lang='lat'><strong>25⁰.</strong></span> 
     </span>
    </p>
   </div>
   <div class='ocr_carea' id='block_1_9' title="bbox 0 0 1826 5268">
    <p class='ocr_par' dir='ltr' id='par_1_9' title="bbox 0 0 1826 5268">
     <span class='ocr_line' id='line_1_41' title="bbox 0 0 1826 5268; baseline 0 0"><span class='ocrx_word' id='word_1_366' title='bbox 0 0 1826 5268; x_wconf 95' lang='lat' dir='ltr'><strong> </strong></span> 
     </span>
    </p>
   </div>
  </div>
 </body>
</html>
