3644 5268
911 615 954 678 60

456 768 518 834 111.
541 769 667 835 Etenim
679 767 794 840 iirrne
811 771 1015 837 conventione
1027 773 1149 833 tentum
1161 773 1217 832 eut
1238 773 1425 833 testamento
1443 788 1515 833 eon-

371 868 521 950 stituitur,
543 888 608 954 que
628 889 662 935 rc
684 870 834 953 obligatio
856 872 1056 950 interpertes
1076 869 1209 933 exsistit.
1243 870 1349 934 Fiime
1370 870 1439 951 ipsu
1460 890 1515 934 au-

371 975 436 1034 tem
458 970 519 1036 ius
541 971 580 1036 in
602 989 643 1042 re
676 973 812 1038 eliens
833 977 893 1052 est,
927 971 1010 1052 quod
1038 971 1164 1052 quidem
1190 970 1267 1034 nibil
1297 987 1367 1035 oum
1388 972 1514 1052 emphy-

370 1071 454 1135 teusi
487 1071 679 1144 locetieueve
712 1074 902 1140 hereditoria
933 1073 1038 1138 hebet.
1099 1073 1173 1141 Est
1211 1073 1310 1140 enirn
1351 1072 1423 1137 illa
1456 1073 1515 1136 ius

370 1171 515 1237 alienis
537 1174 671 1254 rebec,
699 1175 877 1255 praediis
904 1172 1168 1252 reditibusve‚
1202 1173 1339 1237 utendi
1362 1171 1517 1237 fruendi

369 1291 440 1354 pro
468 1282 578 1340 certe
610 1276 732 1342 certis
754 1276 939 1344 terminis
966 1273 1153 1340 solvende
1180 1274 1369 1342 mercede.
1414 1274 1517 1355 Atque

369 1393 420 1446 res
444 1373 554 1442 firmae
576 1395 638 1442 non
659 1381 782 1448 tentum
803 1378 934 1458 praedia
955 1377 1011 1441 sed
1033 1375 1103 1444 iure
1124 1375 1219 1440 etiarn
1241 1393 1335 1456 posse
1357 1394 1446 1456 esse,
1469 1377 1518 1440 vel

367 1477 501 1541 maxime
524 1476 622 1546 firmis
645 1480 941 1560 uupeuteolriorum
963 1477 1205 1556 hundredorum,
1227 1477 1426 1557 forestarum,
1451 1485 1515 1546 eet.

370 1578 586 1658 probetur²⁸t
1442 1585 1444 1589 '

454 1679 501 1743 Ac
533 1681 668 1760 primurn
707 1681 832 1764 quidem
872 1680 1043 1747 firmarii
1076 1681 1136 1746 ius
1177 1679 1343 1760 diligenter
1375 1682 1515 1748 consido·

369 1797 483 1845 remus.

457 1881 495 1946 In
517 1899 636 1963 quere
658 1882 735 1947 nibil
770 1883 870 1964 inagis
899 1882 1124 1948 attendendum
1153 1886 1239 1962 puto,
1272 1901 1366 1963 quern
1390 1901 1430 1947 ne
1453 1884 1516 1948 An·

371 1982 494 2064 giorum
527 1985 753 2055 consuetudine
785 1984 996 2052 Romanorum
1029 1983 1171 2049 terminis
1196 1984 1306 2048 utendi
1337 2003 1374 2048 eo
1403 1986 1516 2064 perdu-

369 2101 493 2163 cemur,
526 2088 563 2149 ut
594 2084 634 2148 iis
671 2103 778 2154 verum
809 2087 856 2150 rei
878 2092 1025 2154 naturum
1056 2083 1207 2164 explicari
1228 2103 1421 2152 censeamus,
1467 2086 1517 2154 Ite

370 2183 454 2248 enim
475 2183 612 2251 Mettis
634 2184 758 2252 Poris.
792 2186 831 2252 de
852 2185 990 2257 firmerio
1021 2185 1157 2268 quodem
1179 2187 1239 2255 eit:
1268 2209 1337 2250 cum
1355 2209 1416 2275 per
1437 2187 1515 2249 mul-

372 2296 422 2347 tos
444 2307 544 2352 anuos
564 2286 677 2349 siloam
699 2285 738 2350 de
759 2285 820 2358 lt:
845 2299 880 2350 ut
901 2285 1232 2370 usufructuariue
1260 2286 1454 2371 possedisset
1466 2289 1515 2369 ²²),

374 2393 408 2452 et
431 2406 543 2470 supra:
565 2388 663 2452 stivae
685 2386 723 2452 dc
744 2386 788 2452 N.
808 2386 1069 2471 usufructum,
1091 2387 1199 2472 quood
1220 2389 1335 2454 uiueret
1361 2412 1515 2453 concesse·

370 2501 431 2557 rat.
476 2490 528 2557 Ite
549 2491 582 2557 in
615 2490 728 2563 Flete
759 2510 883 2574 quoque
916 2491 1042 2574 saepi-us
1075 2489 1203 2557 minerii
1236 2492 1285 2557 ins
1315 2491 1514 2559 ususfructus

369 2594 552 2675 vocaturn>
574 2594 701 2662 utiilb:
713 2593 884 2680 firmarius
903 2593 1075 2663 urbiliurie
1097 2593 1257 2662 vindicare
1274 2596 1400 2682 poterit,
1419 2618 1513 2679 praes

369 2814 453 2866 cerdo
469 2815 578 2877 θήσων,
598 2816 650 2866 siue
666 2816 701 2867 de
717 2816 790 2866 taleis
806 2825 912 2883 affatur,
930 2819 980 2867 siue
997 2817 1028 2866 dc
1045 2815 1203 2881 suppleriouc
1220 2817 1248 2866 iss
1265 2817 1318 2881 ipsse
1334 2818 1458 2879 nunerio,
1480 2819 1513 2868 sit

369 2897 401 2947 de
417 2907 515 2949 ceetm
533 2899 596 2950 siem
615 2902 644 2951 ἐπ
660 2902 773 2962 cadum,
792 2910 817 2952 el
834 2903 893 2954 infr.
911 2903 934 2962 ᾗ.
953 2900 969 2950 9
987 2902 1013 2954 b.
1030 2900 1048 2952 1.

439 2979 484 3036 tor
503 2984 590 3050 Reges
611 2987 679 3036 enirn
697 2986 903 3036 vicecomitibus.
927 2986 1040 3036 baillivis
1068 2983 1218 3045 lsundrsde,
1240 2986 1431 3050 wapentachia,
1449 2987 1512 3037 tlni-

371 3068 446 3132 tings
462 3069 497 3118 sd
514 3069 615 3120 firmem
634 3070 736 3120 debent
754 3066 799 3134 [ci.
818 3069 929 3120 Order.
950 3069 1048 3122 Vitsl.
1066 3069 1084 3120 1.
1101 3083 1123 3119 c.
1141 3068 1185 3119 lib.
1204 3068 1252 3133 xl,
1269 3085 1294 3134 p.
1312 3068 1376 3134 8053
1403 3071 1511 3123 ldetth.

375 3151 481 3202 Puris.
499 3151 560 3204 bist.
579 3153 659 3220 Angl.
678 3154 712 3204 sd
730 3171 755 3204 s.
774 3151 841 3205 1915
859 3171 885 3220 p.
903 3153 953 3206 179
975 3155 1026 3205 eol.
1045 3152 1059 3204 1
1078 3154 1124 3204 D.:
1142 3154 1227 3204 omnis
1249 3157 1387 3206 comitatus
1405 3162 1431 3207 et
1447 3157 1511 3206 hun-

375 3235 450 3286 drsdi
467 3241 494 3288 et
510 3245 652 3305 wapentug
669 3243 695 3290 st
714 3239 837 3305 thretingi
855 3247 916 3290 sunt
937 3240 971 3290 ed
989 3241 1109 3305 sntiqnss
1132 3237 1219 3290 firmes
1238 3240 1338 3305 ubsque
1355 3241 1408 3290 nlle
1425 3242 1510 3292 iners·

373 3327 494 3384 mente,
525 3325 641 3389 exceptis
669 3323 806 3374 dominicis
832 3327 953 3376 maneriis
979 3326 1088 3389 nostris;
1107 3324 1240 3375 ¹Aunssl.
1267 3326 1304 3375 de
1329 3326 1451 3377 Burton
1476 3327 1511 3378 ad

377 3421 403 3461 Β,
423 3404 488 3458 1954
505 3422 531 3474 p.
549 3405 614 3473 339ς
632 3408 665 3459 cf.
683 3409 777 3459 Flete
794 3409 839 3464 lib.
856 3410 870 3459 1
888 3426 910 3462 c.
929 3406 965 3459 99
982 3410 997 3470 5
1015 3406 1058 3473 48,
1076 3409 1121 3461 lib.
1138 3410 1165 3460 11
1184 3425 1207 3459 c.
1225 3408 1259 3462 43
1276 3425 1302 3474 p.
1319 3406 1378 3463 911.
1397 3412 1511 3469 (Deme-

372 3494 454 3554 pent,
471 3491 589 3557 thriting.
608 3499 658 3544 ete.
683 3493 811 3559 ctRog.
830 3493 867 3543 de
884 3493 1076 3544 Heredenl.
1094 3509 1118 3543 e.
1145 3509 1169 3558 p.
1188 3488 1248 3545 997.
1275 3493 1368 3544 Flete
1384 3512 1409 3560 p.
1427 3491 1510 3560 999.))

372 3587 405 3623 ee
422 3575 580 3639 conditione,
598 3582 627 3628 ut
644 3592 734 3628 omnes
752 3577 1030 3642 heberentproventus
1040 3578 1186 3640 comitatus,
1204 3581 1301 3628 certem
1311 3585 1397 3629 eutem
1411 3579 1510 3630 firmem

370 3659 428 3724 regi
445 3665 580 3724 praestare
598 3666 754 3712 tenerentur.
791 3661 830 3712 of.
849 3661 987 3712 Thorne
1013 3661 1031 3712 l.
1049 3676 1072 3712 c.
1091 3677 1115 3728 p.
1135 3657 1216 3726 9973,
1243 3677 1266 3726 p.
1277 3657 1353 3714 9975.
1389 3664 1510 3716 cartul.

270 3759 273 3765 ·
372 3757 453 3800 mou.
472 3744 499 3797 S.
517 3746 600 3802 Petu.
619 3745 706 3797 Gloe.
725 3764 750 3812 p.
771 3746 828 3798 151.
863 3747 956 3798 Flete
973 3747 1018 3798 lib.
1037 3746 1065 3796 11
1082 3762 1140 3811 esp.
1161 3743 1194 3798 39
1212 3763 1237 3812 p.
1257 3744 1315 3798 litt.
1341 3745 1393 3812 (Cf.
1411 3750 1443 3799 de
1461 3749 1511 3800 hee

372 3843 402 3877 re
419 3828 551 3881 Houssd
568 3831 585 3882 l.
603 3847 626 3882 e.
645 3836 706 3882 tom.
724 3831 762 3884 1v
780 3849 805 3898 p.
824 3831 857 3884 ts
875 3833 949 3894 edm,
975 3835 1020 3897 qui
1036 3848 1098 3882 vero
1123 3833 1154 3883 de
1172 3833 1324 3884 feo-ferme
1342 3833 1415 3899 egit).
1451 3835 1510 3884 Huc

368 3911 462 3978 leges
491 3931 593 3981 quoque
610 3917 747 3974 Heusiei
764 3917 787 3978 I,
805 3932 827 3968 c.
850 3915 880 3968 19
898 3919 923 3980 ἦ.
941 3915 966 3980 3,
984 3933 1007 3966 e.
1027 3913 1059 3968 19
1081 3920 1209 3983 pertinere
1231 3919 1345 3968 conicio:
1372 3919 1405 3969 ci.
1432 3935 1511 3984 snpra

368 3997 430 4052 adn.
449 3996 483 4052 79
491 4018 517 4066 p.
529 3999 569 4062 18,
588 4019 654 4069 ques
673 4002 799 4054 Schmid
817 4004 833 4058 l.
848 4020 870 4054 e.
891 4004 972 4068 gloss.
989 4003 1098 4055 sdvocs
1114 4005 1196 4068 feorm
1212 4020 1264 4054 non
1282 4003 1415 4054 intellexit.
1432 4025 1453 4034 -
1469 4005 1509 4054 De

371 4083 568 4145 forestariorum
577 4087 664 4152 finnio
681 4088 715 4140 el.
732 4087 846 4144 Annei.
865 4091 901 4139 de
918 4091 1039 4140 Bnrton
1057 4089 1092 4140 sd
1110 4105 1134 4140 e.
1153 4085 1221 4140 1995
1239 4089 1328 4140 charte
1345 4088 1377 4138 de
1392 4088 1511 4148 ebreum

369 4167 481 4220 Mettb.
499 4171 602 4225 Puris.
619 4174 665 4224 vit.
683 4174 737 4237 vig.
757 4178 788 4223 tr.
807 4174 867 4228 abb.
886 4191 911 4238 p.
930 4172 982 4226 199
1000 4175 1114 4239 inquisit.
1132 4175 1165 4224 de
1182 4175 1361 4225 foresieeturis
1380 4175 1432 4226 div.
1453 4191 1510 4238 sup.

368 4262 481 4312 Forssts
499 4259 568 4310 dom.
585 4259 666 4325 Regis
690 4274 715 4309 s.
736 4254 801 4309 1945
829 4259 874 4314 (et.
894 4258 955 4309 bist.
973 4256 1052 4324 Aegl.
1071 4259 1088 4309 l.
1110 4275 1136 4325 p.
1153 4257 1217 4323 447)
1243 4259 1313 4324 quod
1341 4261 1366 4308 in
1384 4259 1507 4310 Fletsm

368 4346 414 4400 lib.
431 4346 459 4396 11
477 4361 500 4396 c.
519 4341 551 4397 41
571 4360 596 4410 p.
615 4342 667 4396 993
685 4351 819 4410 receptum
837 4349 884 4396 est

437 4428 482 4495 97)
499 4432 547 4482 vit.
565 4432 620 4498 vig.
637 4438 671 4484 tr.
688 4432 749 4482 sbb.
767 4448 792 4496 p.
811 4427 845 4483 5³
863 4430 898 4481 ei.
917 4446 975 4480 eum
994 4447 1020 4495 p.
1038 4427 1071 4481 33
1088 4430 1152 4480 ibid.

435 4514 483 4580 98)
500 4518 540 4568 ct.
558 4517 603 4569 lib.
621 4517 662 4592 111
681 4532 702 4568 e.
722 4512 755 4568 19
773 4515 797 4577 5.
817 4515 831 4568 7
850 4533 875 4583 p.
893 4515 960 4584 417;
978 4515 1023 4568 lib.
1041 4516 1078 4568 1v
1096 4532 1119 4567 e.
1138 4512 1169 4567 31
1190 4531 1229 4580 pr.
1250 4519 1275 4566 et
1293 4515 1317 4576 ἓ.
1335 4510 1352 4566 9
1369 4531 1395 4580 ρ.
1413 4512 1471 4566 593.
