3644 5268
854 637 893 702 75

307 809 366 857 rum
397 795 424 856 et
453 791 541 856 lliaia
567 807 637 855 uxor
662 790 786 855 eiusdem
808 789 853 855 W.
887 791 1017 872 reciperet
1042 793 1145 873 partem
1179 792 1333 872 praedictae
1359 793 1447 856 terrae

301 896 413 959 nomine
444 894 533 971 dnus,
567 893 694 973 praedicti
727 891 817 957 abbas
848 897 877 956 ct
909 896 1063 960 cenventus
1094 895 1234 959 residuum
1262 897 1350 960 terrae
1382 911 1445 958 curn

302 997 433 1060 omnibus
455 996 627 1076 pertinentiis
654 995 786 1060 tenebunt
815 1009 863 1074 per
885 1011 1039 1060 sexanncs
1062 997 1127 1076 pasl
1141 998 1295 1077 praedictos
1316 999 1447 1076 quatuor·

307 1099 394 1163 decim
417 1115 509 1163 annus
531 1098 650 1176 quietum
673 1097 709 1161 ab
731 1097 805 1161 omni
827 1097 938 1160 servitiu
960 1102 1073 1178 excepte
1096 1099 1236 1164 lorinsecn
1258 1099 1379 1164 servitio.
1412 1099 1448 1164 Et

303 1203 328 1264 si
351 1202 506 1280 praedictus
527 1201 572 1264 W.
594 1201 629 1264 de
650 1201 776 1276 illiniat,
802 1200 847 1277 qni
869 1201 968 1263 terram
991 1201 1156 1280 praedictam
1179 1202 1259 1265 tradit
1279 1201 1315 1264 ad
1338 1203 1444 1264 llrmam

305 1303 394 1366 adbuc
415 1302 582 1378 duraturam,
611 1318 660 1382 per
692 1300 856 1382 praedictum
880 1302 1024 1366 terminum
1052 1303 1271 1380 quaetunrdecim
1299 1319 1447 1379 annerum,

306 1407 416 1486 recipiat
438 1407 535 1468 terram
559 1405 634 1469 illam
662 1403 697 1468 ad
727 1406 810 1467 linem
844 1403 1041 1483 praedictorum
1077 1405 1282 1484 quatuordecim
1309 1421 1446 1470 annnorum

305 1510 346 1574 vel
369 1511 395 1573 in
418 1509 682 1590 llrrepraedictnrum
706 1524 904 1572 sexarnmrum
928 1509 1111 1589 sequentium,
1133 1509 1204 1574 idem
1218 1509 1307 1574 abbas
1328 1511 1354 1572 el
1377 1523 1445 1573 cnn·

305 1615 404 1676 ventus
423 1612 563 1676 nabebunt
576 1612 728 1693 proximum
745 1629 878 1692 crappum
902 1615 1073 1690 sequentem.
1106 1612 1252 1677 Praeterea
1274 1629 1327 1693 egn
1349 1613 1446 1676 tradidi

302 1715 406 1778 eisdem
436 1714 528 1779 abbati
558 1719 585 1779 et
612 1715 757 1778 corrventui
792 1715 827 1778 ad
856 1717 960 1778 lamam
994 1732 1077 1778 unam
1106 1717 1238 1796 virgatam
1268 1717 1355 1778 terrae
1383 1733 1446 1778 cum

302 1819 432 1882 ominibus
455 1819 626 1898 pertinentiis
648 1817 710 1881 suis
726 1817 840 1895 libret,
863 1834 946 1894 quam
968 1816 1051 1880 habui
1072 1816 1106 1880 ad
1129 1819 1235 1880 firmam
1258 1817 1293 1880 de
1310 1817 1446 1880 allueredn

304 1920 420 2001 Barallr;
443 1921 596 1986 habendam
618 1922 646 1983 et
668 1920 812 1982 tenendam
846 1920 888 1981 eis
915 1920 950 1982 de
977 1935 1020 1981 me
1048 1922 1075 1982 et
1101 1919 1250 1983 heredibus
1272 1921 1342 1981 meis
1363 1936 1381 1981 a
1402 1918 1447 1981 die

306 2021 341 2084 de
363 2019 490 2104 lrcleday
511 2039 590 2088 annu
611 2022 646 2086 ab
669 2022 856 2086 incarnatione
877 2021 985 2084 Domini
1007 2021 1154 2084 millesimo
1181 2021 1371 2086 ducentesimo
1399 2036 1446 2082 se·

305 2125 390 2204 ptimo
412 2125 519 2188 decimo
552 2127 578 2189 in
607 2125 751 2188 tresdecim
778 2141 879 2188 annas.
924 2124 1075 2189 Reddenda
1103 2142 1150 2206 per
1174 2141 1278 2188 alinum
1301 2122 1445 2189 duodecim

306 2230 443 2308 penuriae,
477 2245 559 2308 quam
590 2229 642 2310 ipsi
677 2230 782 2291 ssrrnam
806 2228 869 2291 mibi
898 2231 1065 2308 pacaverunt
1086 2245 1151 2309 prae
1173 2229 1301 2293 manibus
1327 2228 1361 2291 de
1389 2229 1446 2290 tulo

304 2333 421 2396 termina
443 2338 469 2397 et
491 2349 544 2414 egb
566 2335 593 2396 et
615 2332 747 2396 haeredes
778 2332 829 2394 rnei
860 2331 1105 2396 warantizabimus
1133 2331 1278 2411 praedictis
1306 2331 1396 2394 abbati
1419 2332 1447 2394 et

303 2436 447 2500 conventui
470 2442 497 2499 al
518 2452 613 2499 enrrrm
636 2434 850 2499 successoribus
872 2439 968 2499 contra
997 2453 1095 2499 omnes
1118 2435 1248 2500 burnines
1269 2437 1296 2498 et
1318 2434 1446 2514 seminas,

302 2539 446 2618 usquead
470 2540 623 2618 praedictus
646 2539 789 2618 terminos,
817 2541 902 2603 lotam
926 2539 1074 2620 praelatam
1100 2542 1199 2604 terram
1221 2556 1284 2603 cum
1308 2539 1446 2619 pertinen·

301 2643 355 2719 tiis,
377 2643 483 2706 scilicet
504 2646 559 2706 lam
582 2641 667 2721 illam,
694 2660 775 2721 quarn
799 2641 882 2705 habui
910 2643 943 2706 ad
972 2644 1077 2707 llrmam
1099 2643 1134 2706 da
1156 2643 1291 2706 aluercdu
1314 2641 1445 2706 Harulln.“

391 2743 446 2818 „Et
469 2745 499 2805 ul
521 2744 589 2805 lnaec
611 2745 754 2807 conventia
777 2750 836 2807 rate
857 2747 1017 2824 permaneat
1038 2747 1066 2806 el
1087 2745 1265 2823 inconcussa,
1287 2761 1347 2806 earn
1360 2742 1444 2824 sigilli

247 2855 248 2858 ’
301 2845 353 2906 mei
375 2845 549 2925 appositione
571 2843 726 2910 reboravi.“

847 3100 891 3165 lV.

388 3222 418 3283 d.
447 3221 695 3285 Rectiludines
725 3222 900 3304 singularum
928 3238 1109 3304 personarum
1137 3225 1261 3298 (ancient
1288 3226 1361 3290 lans
1388 3223 1443 3288 and

303 3321 388 3386 instit.
411 3341 438 3403 p.
464 3319 537 3402 188)
560 3327 578 3390 i.
599 3325 655 3404 t').

387 3427 496 3508 „leges
524 3433 550 3491 et
577 3430 794 3494 consuetudines
826 3433 959 3494 terrarum
994 3433 1062 3493 sunt
1095 3430 1258 3510 multiplices
1291 3434 1318 3493 et
1351 3430 1442 3494 variae

299 3529 372 3593 sicul
394 3531 613 3610 praelibavimus,
636 3550 687 3596 nec
709 3533 845 3597 sancitum
869 3533 921 3597 nnc
942 3547 1026 3612 super
1042 3549 1141 3595 ornnes
1163 3533 1280 3596 dicimus
1302 3532 1441 3614 generale.

304 3632 484 3697 Netillcamus
506 3637 599 3698 tarrren
622 3636 685 3714 quid
709 3637 735 3699 in
759 3637 922 3714 quibusdam
946 3636 1014 3699 locis
1037 3636 1072 3699 sit
1095 3635 1257 3716 observare;
1289 3636 1314 3698 si
1342 3637 1442 3700 melius

301 3736 470 3815 innotescat,
502 3738 655 3818 gaudenter
681 3739 871 3818 amplectimur
899 3741 925 3802 el
946 3739 1077 3802 custodiri
1100 3739 1231 3804 volumus
1253 3741 1327 3803 iuxta
1349 3756 1442 3803 mores

302 3839 478 3918 populicum
501 3846 645 3920 quclurre
671 3841 865 3906 habitabimus.
910 3842 999 3924 Leges
1026 3841 1106 3906 debet
1133 3843 1160 3905 in
1189 3841 1299 3922 populis
1327 3840 1442 3904 libenter

301 3941 454 4020 addiscere,
475 3945 519 4020 qui
543 3961 597 4006 nnn
622 3944 679 4008 vult
701 3945 727 4008 in
751 3945 839 4024 patria
860 3946 942 4010 solus
963 3946 1095 4009 amittere.
1140 3945 1168 4007 ln
1192 3945 1356 4022 quibusdam
1372 3945 1441 4008 locis

299 4042 381 4107 datur
402 4046 479 4108 lrrrnn
502 4046 602 4108 rratalis
624 4047 731 4110 [lumini
755 4051 782 4110 el
796 4051 882 4126 'bama
894 4049 1024 4112 Pasitelis
1044 4052 1071 4110 el
1092 4050 1171 4110 druna
1194 4064 1303 4126 precum
1325 4048 1359 4110 ad
1372 4065 1440 4111 con·

298 4148 457 4227 gregandas
480 4155 590 4229 segetes
625 4157 652 4213 et
673 4153 802 4232 gulllrma
824 4153 865 4214 ad
881 4151 1014 4215 arandum
1037 4155 1064 4213 et
1085 4153 1164 4214 lirum
1185 4154 1323 4231 pratorum
1343 4152 1441 4214 lenan-

299 4251 398 4314 dorum
421 4252 670 4333 elbreaccrcppum
693 4255 710 4315 l.
725 4271 748 4318 e.
773 4254 890 4317 machati
913 4254 1061 4317 summitas
1084 4256 1111 4316 et
1132 4256 1210 4317 tirrna
1232 4254 1266 4318 ad
1283 4254 1439 4317 maclrnlum

299 4354 464 4416 laciendum.
509 4355 538 4418 ln
562 4359 633 4418 terra
655 4374 802 4422 nemorosa
825 4358 928 4440 lignum
952 4357 1067 4438 plaustri
1075 4378 1084 4438 ;
1117 4358 1143 4420 in
1167 4359 1238 4420 terra
1261 4357 1335 4421 uberi
1359 4359 1440 4438 capul

299 4509 502 4521 ——n——a-

369 4593 398 4653 bl
427 4595 525 4653 Oratae
544 4603 611 4654 tart.
633 4597 794 4672 Angla-Sex.
814 4601 841 4650 cl
865 4590 928 4656 a'nc.
946 4601 1011 4656 laura
1028 4602 1045 4656 l.
1063 4617 1087 4656 c.
