3644 5268
837 639 878 702 43

285 790 420 858 laxasse
443 791 629 868 annitimur,
663 790 695 853 in
723 789 791 853 inre
819 795 1004 868 patronatus
1039 789 1133 854 realis
1170 787 1288 868 quippe
1320 805 1356 852 rc
1393 788 1435 852 ad

284 893 447 974 praedium
470 891 647 974 pertinente
655 889 697 971 ⁴²)
719 891 863 972 acquirit.
921 889 990 967 Quo
1012 891 1140 970 quidem
1163 907 1257 954 sensu
1285 907 1361 954 vera
1382 897 1433 954 est

286 997 341 1060 illa
364 995 535 1059 sententia:
566 1011 635 1058 eum
658 991 863 1056 universitate
890 992 1122 1072 possessionem
1144 991 1223 1055 iuris
1246 996 1432 1071 patronatus

283 1096 429 1160 transire.
467 1095 667 1159 Warrantum
689 1093 774 1159 enim
799 1097 1025 1174 ¹auctoremque
1051 1093 1173 1158 ratione
1200 1111 1277 1158 usus
1300 1093 1378 1157 iuris
1400 1113 1432 1174 p.

286 1216 368 1271 rrum.
391 1196 445 1277 qui
467 1197 508 1260 ad
531 1196 653 1260 firmam
675 1195 770 1272 dedit,
793 1212 907 1258 vocare
928 1194 1061 1275 licet⁴³),
1084 1213 1179 1275 quum
1202 1193 1288 1257 illius
1307 1212 1432 1274 posses-

286 1297 332 1362 sio
355 1295 493 1361 firmatio
516 1297 561 1362 ita
588 1297 718 1362 accedat
745 1299 781 1358 at
810 1301 1017 1375 praesentans
1046 1296 1159 1361 ultima
1180 1295 1318 1361 auctoris
1341 1315 1432 1376 prae·

286 1399 463 1464 sentatione
485 1397 647 1476 innitatur,
671 1416 751 1478 quae
773 1396 900 1478 quidem
923 1396 1028 1462 onmia
1045 1397 1193 1462 accedere
1210 1415 1272 1461 non
1290 1403 1432 1478 possunt,

288 1503 314 1567 si
342 1501 391 1567 ius
416 1521 446 1583 p.
470 1505 633 1583 exceptum
655 1500 755 1582 sit⁴²).
801 1498 912 1582 ltaque
940 1499 1080 1582 pontifex
1109 1500 1231 1566 ratione
1258 1501 1434 1566 seisinae

264 1604 383 1670 'iuris
412 1603 714 1686 praesentandi,
748 1623 843 1686 quam
870 1622 890 1668 a
922 1601 1060 1670 firmario
1086 1604 1171 1669 iure
1204 1603 1434 1684 apprehensam

286 1711 391 1789 putat,
414 1707 526 1773 clerieo
548 1707 713 1774 ecclesiam
735 1706 865 1772 addicit.
907 1705 945 1770 In
968 1726 1031 1789 qua
1052 1725 1096 1787 re,
1118 1725 1194 1771 num
1215 1705 1275 1771 ius
1297 1713 1434 1787 patro-

286 1815 404 1874 natus
433 1809 517 1891 quod
544 1809 635 1876 miles
662 1807 724 1874 sibi
750 1809 936 1890 assumpsit,
969 1814 1081 1890 postea
1107 1808 1243 1874 evictum
1268 1809 1324 1888 sit,
1357 1809 1436 1874 nihil

290 1910 445 1992 reie1·t²⁵).

373 2012 437 2076 Sed
459 2011 501 2076 ad
523 2011 655 2077 alteram
678 2011 846 2076 Alexandri
871 2012 1027 2076 rationem
1049 2011 1214 2076 decidendi
1236 2013 1433 2077 accedamus

287 2114 470 2197 chuiritur
496 2113 578 2178 enim
605 2114 701 2180 etiam
728 2113 874 2180 clericum
901 2117 975 2178 ante
1007 2113 1097 2179 litem
1124 2119 1226 2179 ortam
1253 2107 1435 2179 institutam

287 2235 369 2283 esse.
414 2212 622 2281 Notissimum
644 2216 727 2280 enim
749 2219 813 2295 est,
846 2214 1002 2295 pendente
1030 2214 1244 2280 oonuoversia
1264 2214 1342 2278 nihil
1364 2233 1435 2280 esse

287 2319 498 2385 innovandum
520 2317 707 2397 necamus,
737 2336 795 2383 nec
816 2317 946 2382 alterius
969 2315 1115 2382 clericum
1138 2315 1434 2394 admittendum⁴⁸);

287 2422 425 2503 alioquin
448 2419 573 2485 collatio
600 2417 685 2483 iacta
712 2418 884 2499 perbreve
907 2439 1006 2502 quara
1027 2416 1234 2481 demembravit
1260 2415 1434 2482 infirmare-

288 2525 388 2602 tur⁴⁷)
415 2527 511 2605 atque
538 2521 565 2587 si
593 2521 633 2586 lis
660 2521 744 2586 intra
775 2521 950 2603 legitimum
978 2520 1150 2602 tompus⁴⁸)
1181 2517 1270 2584 finita
1298 2539 1360 2584 non
1382 2521 1434 2599 sit,

288 2679 491 2689 ...n-m...—

288 2785 514 2877 taturiiaarpua
535 2810 571 2860 ud
592 2809 660 2876 quad
677 2818 817 2876 aequaretur
831 2811 1009 2876 pertinentiae.
1044 2811 1091 2860 Eat
1109 2810 1186 2876 ἐρίων
1207 2826 1282 2859 verae
1299 2810 1436 2861 adeamne

287 2897 322 2947 ud
339 2913 412 2963 quern
426 2896 540 2962 pertinet
555 2896 701 2963 proprietas
723 2904 746 2947 et
763 2896 858 2948 neieina
875 2913 907 2947 ea
923 2897 1024 2948 aeduine
1038 2895 1145 2964 proprio
1170 2903 1193 2948 et
1211 2894 1362 2946 haeredibus
1379 2897 1434 2948 aaa

288 2992 310 3034 et
328 3001 380 3034 reon
397 2983 488 3034 alieno.
655 3019 659 3030 ..

357 3065 400 3119 tt»
422 3069 460 3119 De
478 3069 529 3120 hac
551 3069 568 3119 i.
590 3085 615 3134 p.
633 3069 710 3118 realia
729 3067 854 3133 qualitate
873 3067 906 3118 ei.
925 3068 1021 3118 Flete
1038 3068 1082 3118 lib.
1100 3068 1141 3118 111
1160 3084 1183 3120 c.
1201 3068 1226 3120 2.
1244 3070 1261 3120 i.
1279 3067 1297 3118 f.
1321 3085 1345 3137 p.
1364 3065 1432 3134 3823

289 3171 312 3204 c.
333 3155 342 3205 l
365 3171 388 3219 p.
409 3153 472 3218 ibib
491 3175 513 3206 c.
534 3153 565 3206 14
583 3172 608 3222 p.
628 3153 689 3220 ttt;
708 3169 731 3205 c.
751 3152 783 3206 15
801 3172 826 3220 p.
845 3154 905 3207 443.
1023 3153 1024 3160 “

357 3239 404 3302 db)
422 3241 462 3291 (li.
481 3240 588 3292 Traut.
607 3239 643 3290 do
661 3239 759 3305 legib.
777 3239 842 3289 Xlll
861 3235 929 3291 aad
946 3237 1007 3302 §.33
1026 3239 1122 3290 Flete
1138 3239 1183 3292 lib.
1193 3239 1237 3290 111
1256 3257 1278 3290 c.
1291 3238 1323 3291 15
1337 3256 1362 3306 p.
1373 3241 1433 3292 444.

358 3327 401 3389 44)
419 3328 573 3392 Exemplum
585 3327 696 3376 dationis
710 3326 744 3376 ud
758 3325 857 3374 firmam
876 3331 975 3389 excepto
992 3323 1049 3374 inre
1062 3332 1215 3390 petrunculus
1232 3328 1258 3376 in
1273 3326 1335 3391 dipl.
1354 3341 1435 3391 supra

286 3412 331 3462 all.
350 3428 374 3462 a.
395 3409 462 3463 luat
487 3411 554 3462 corni.
580 3411 612 3461 de
632 3411 800 3461 emarcuern'u
817 3409 914 3476 calleat
935 3408 1050 3460 cauteiae
1074 3409 1102 3461 S.
1122 3409 1208 3477 Serpa
1227 3412 1342 3477 Mapaa.
1373 3429 1429 3462 entur

287 3497 444 3562 d‘qrputeiniia
460 3503 546 3549 exstat
563 3497 595 3548 ci.
615 3497 675 3547 adn.
695 3493 738 3548 86.

356 3582 402 3637 45)
422 3582 460 3631 Cf.
480 3597 501 3632 c.
512 3583 585 3634 XIX.
604 3583 630 3632 lr.
649 3588 678 3644 t,
696 3599 719 3634 c.
738 3581 847 3632 XXVII.
865 3582 891 3632 h.
910 3589 927 3634 t.
954 3581 1154 3633 Blackstonu
1172 3589 1312 3634 comment.
1336 3599 1371 3632 on
1389 3583 1434 3635 the

293 3667 356 3718 lawe
374 3667 404 3718 of
417 3667 541 3733 England
560 3669 615 3726 (ed.
634 3668 672 3722 Π)
690 3673 751 3719 tom.
768 3669 810 3719 111
827 3685 852 3734 p.
867 3663 918 3720 903
936 3684 1006 3732 sqq:
1026 3669 1069 3733 qui
1087 3667 1231 3732 confirmat,
1250 3671 1346 3719 nostris
1365 3675 1429 3719 tem·

292 3753 397 3818 poribus
416 3752 505 3804 eadem
524 3754 613 3804 velere
630 3738 709 3819 atque
719 3753 860 3804 Alexandri
869 3752 919 3814 111,
938 3754 985 3803 sed
996 3755 1074 3804 etiam
1093 3754 1268 3805 introductum
1287 3770 1344 3805 esse
1362 3761 1425 3805 tarn·

291 3854 339 3902 pus
358 3840 488 3904 quoddam
505 3839 597 3902 fatale,
616 3840 643 3888 in
662 3856 714 3904 quo
732 3844 842 3905 patrono
860 3854 923 3888 varo
940 3845 1028 3902 petere
1045 3839 1140 3902 liceat,
1168 3845 1196 3889 ut
1213 3841 1340 3890 institutio
1357 3841 1430 3890 lacta

290 3925 462 3976 rescindatur.
776 3916 778 3922 ’

360 4006 403 4071 ut)
420 4011 461 4058 Da
480 4026 530 4074 qua
548 4025 575 4059 re
594 4008 718 4074 prolixias
737 4011 764 4058 in
782 4007 872 4074 glossa
889 4007 924 4057 ad
941 4023 1013 4058 voa:
1031 4007 1071 4058 ael
1086 4008 1234 4075 autequam]
1254 4010 1412 4074 disputatur.

360 4093 404 4142 dtr
423 4093 462 4142 ef.
480 4094 574 4144 Flete
591 4094 636 4143 lib.
653 4093 691 4143 1v
710 4109 731 4143 c.
753 4090 764 4141 l
786 4109 810 4156 p.
830 4087 892 4142 403:
920 4070 1066 4158 Remarque
1087 4092 1114 4144 l:
1141 4093 1253 4159 leBres
1271 4092 1309 4142 de
1332 4108 1432 4158 qnare

291 4175 508 4238 inecarabrauit,
526 4179 590 4229 auoit
606 4195 673 4243 poro·
690 4179 733 4228 dut
750 4176 781 4227 de
794 4176 992 4242 tuireeltclurer
1008 4177 1079 4228 nulle
1096 4177 1250 4229 decollation
1264 4178 1433 4244 dcl'lt'aique,

290 4263 335 4329 qni
352 4263 449 4314 duraret
466 4263 490 4314 le
507 4263 574 4331 litiqe
600 4273 622 4315 et
640 4281 672 4316 en
688 4263 786 4315 dedunt
808 4263 844 4314 lea
861 4263 901 4314 eiu
917 4263 979 4314 urcio
1001 4264 1037 4314 dn
1048 4263 1112 4330 jour
1135 4265 1171 4316 du
1188 4263 1258 4316 dicis
1276 4264 1312 4314 dn
1328 4263 1433 4316 dernier
1489 4271 1491 4274 '

291 4349 411 4412 I'onron,
439 4349 503 4402 aaran
521 4339 622 4419 emeseni
644 4352 667 4402 de
684 4349 807 4416 Btrrbflee.
834 4350 910 4404 ibid.
932 4351 977 4402 lib.
999 4352 1023 4403 V
1049 4367 1072 4402 e.
1092 4349 1125 4404 14
1151 4369 1177 4418 p.
1195 4348 1255 4403 640.
1295 4351 1336 4402 Cf.
1354 4367 1431 4417 quoq.

289 4436 352 4488 ibid.
371 4455 396 4502 p.
417 4433 474 4489 195.

361 4521 407 4579 48)
426 4523 487 4574 Seil.
506 4524 648 4574 secrrudum
666 4540 780 4575 canones
800 4541 853 4576 sex
873 4525 915 4576 vel
932 4529 1074 4590 quatuor
1092 4539 1204 4575 menses.
1228 4523 1281 4575 Sed
1297 4526 1324 4574 in
1334 4521 1432 4588 Anglia

290 4616 344 4660 tum
363 4611 431 4662 inter
447 4610 541 4662 laicum
560 4615 587 4660 et
603 4610 808 4662 ecclesiasticam
826 4627 878 4662 non
896 4611 975 4663 talem
989 4610 1159 4662 differentiam
1174 4611 1305 4664 exstitisse
1319 4609 1430 4660 videtur.
