3644 5268
932 642 975 710 28

328 833 329 836 “
386 799 491 882 priato
512 803 570 864 ost.
625 795 659 864 Si
683 796 838 862 vinculum
865 795 942 860 illud
965 792 1167 858 subiectionis
1195 792 1227 858 in
1249 811 1311 858 uno
1333 791 1400 858 iure
1422 797 1527 874 patro·

380 908 476 966 natus
510 901 575 965 sive
607 917 665 980 per
696 897 910 963 fundationem
945 896 1186 974 dotationemue,
1214 895 1280 958 sive
1306 913 1364 974 per
1391 895 1528 978 aliquem

381 1003 479 1068 alium
500 1001 627 1067 modum
649 998 803 1081 aequuisito
825 996 1009 1075 constiterit,
1032 995 1196 1062 ecelesiam
1218 996 1260 1060 ad
1281 994 1403 1062 firmam
1421 997 1527 1062 datam

387 1123 450 1170 nou
472 1121 552 1182 esse,
575 1106 716 1183 apparet.
771 1099 851 1164 Turn
883 1099 965 1162 enim
993 1097 1173 1162 abbatissae
1195 1097 1235 1162 de
1257 1097 1390 1162 ecelesia
1411 1098 1460 1162 ius
1482 1097 1528 1162 di·

385 1204 541 1286 sponendi
561 1202 682 1267 nullum
704 1203 904 1281 competeret
957 1197 1068 1278 Neque
1100 1197 1193 1262 aliter
1225 1198 1288 1262 erit
1314 1198 1529 1278 decidendum,

385 1306 414 1370 si
436 1305 568 1370 ecclesia
600 1303 722 1368 ratione
743 1301 897 1366 maximae
927 1299 976 1364 vel
1003 1297 1134 1364 alieuius
1156 1299 1257 1378 pertis
1279 1297 1437 1364 redituum
1461 1317 1528 1365 roe·

382 1407 475 1470 nobio
498 1405 700 1485 appropriata
722 1401 825 1466 inerit.
881 1399 962 1464 Nom
989 1402 1115 1480 praeter
1141 1397 1282 1462 debitum
1310 1419 1439 1466 eensum
1462 1419 1528 1464 mo-

384 1505 558 1570 nasterium
580 1503 701 1568 nullum
723 1503 773 1566 ius
795 1501 827 1564 in
849 1501 980 1566 ecelesia
1001 1499 1132 1564 haberet
1147 1499 1194 1576 ¹¹).
1251 1499 1318 1576 Quo
1340 1519 1415 1565 vero
1437 1501 1530 1566 modo

380 1607 413 1672 in
435 1607 495 1674 hae
516 1605 601 1689 speci
624 1601 756 1669 eeclesia
777 1599 920 1666 subiecta
940 1601 997 1680 sit,
1020 1617 1203 1683 perperam
1226 1601 1403 1683 disceptare
1420 1607 1532 1668 tentes.

383 1707 501 1772 Verum
524 1707 590 1772 sole
613 1705 727 1771 alarius
750 1708 814 1783 est,
843 1704 967 1768 etiamsi
989 1703 1121 1769 ecelesia
1153 1721 1217 1768 una
1247 1703 1386 1770 alterave
1407 1705 1529 1770 ratione

383 1827 404 1874 a
425 1808 573 1876 coenobio
595 1806 748 1889 pendeat,
778 1805 909 1870 militem
931 1805 1066 1870 fortasse
1087 1810 1258 1886 proventus
1281 1805 1381 1886 partis
1403 1823 1529 1872 aeneus-

383 1929 456 1993 que,
477 1911 660 1992 neutiquam
682 1926 757 1974 vero
780 1907 930 1972 ecelesiae
952 1904 1126 1972 firmarium
1148 1907 1316 1973 exstitisse.

468 2025 557 2104 Quod
590 2026 651 2092 ulio
685 2026 810 2092 demum
843 2025 980 2111 quodam
1013 2031 1200 2107 argumento
1222 2026 1390 2092 adiuvatur
1418 2046 1527 2108 eoque,

381 2145 444 2208 quo
466 2128 569 2193 adbuc
601 2147 664 2193 uno
697 2129 957 2208 interpretatores
987 2127 1035 2191 usi
1067 2131 1151 2192 sunt.
1202 2127 1284 2192 Nem
1313 2127 1399 2193 detio
1428 2131 1527 2195 eoele-

381 2230 501 2294 siarum
533 2230 575 2294 od
615 2229 738 2296 firmam
778 2228 977 2296 severissime
1016 2228 1048 2292 in
1085 2228 1292 2294 oecumeneiis
1332 2230 1530 2311 provinciali·

382 2332 506 2414 busque
540 2332 763 2400 Britannorum
801 2331 939 2399 conciliis
972 2335 1006 2398 et
1038 2329 1219 2413 pontificum
1253 2333 1530 2402 constitutionibus

384 2434 557 2502 interdieta
586 2443 645 2503 est.
701 2437 744 2502 Et
769 2436 904 2500 maxime
936 2434 1064 2517 quidem
1091 2435 1169 2500 haee
1196 2433 1365 2516 prohibitio
1399 2437 1441 2502 ad
1462 2455 1528 2504 mo-

382 2537 555 2602 nachorum
588 2543 621 2603 et
655 2538 805 2602 laieorum
837 2535 945 2602 firmas
977 2536 1102 2602 uidetur
1134 2537 1301 2618 pertinere.
1356 2536 1529 2604 Notissima

382 2643 490 2704 autem
519 2639 558 2703 de
579 2638 639 2703 beo
660 2657 695 2703 re
717 2638 899 2704 constitutio
921 2642 970 2703 est
992 2637 1161 2702 Alexandri
1183 2637 1241 2702 lII.
1264 2655 1330 2718 cap.
1354 2638 1409 2704 VI.
1432 2639 1463 2704 X
1485 2659 1525 2704 ne

384 2741 481 2819 prael.
510 2739 559 2803 vel
581 2738 722 2803 monach.
745 2740 865 2802 incerta
882 2739 920 2814 ¹⁸)
948 2743 1089 2816 tempore
1111 2739 1239 2816 editum,
1263 2741 1313 2804 eui
1334 2741 1427 2804 aliam
1446 2741 1528 2806 adde

384 2839 503 2904 bullam
520 2839 662 2904 eiusdem
674 2836 828 2919 pontificis
851 2837 954 2903 abbS.
967 2838 1099 2917 August.
1111 2836 1260 2900 Cantuur.
1284 2838 1466 2920 inscriptam
1477 2842 1525 2915 ¹⁴).

384 2939 516 3006 Praeter
545 2958 627 3022 quae
659 2939 787 3006 decreto
813 2938 898 3002 illius
926 2937 1075 3020 temporis
1102 2937 1178 3002 mihi
1205 2946 1373 3006 occurrunt
1393 2960 1527 3008 canones

456 3209 499 3272 tl)
521 3213 594 3278 Dipl.
616 3215 797 3265 conventionis
823 3213 870 3264 int.
893 3213 920 3264 S.
939 3213 1060 3263 Ildmund
1086 3213 1241 3278 archiepisc.
1270 3213 1345 3264 caut.
1374 3221 1400 3264 et
1416 3222 1526 3266 monast.

387 3297 417 3348 S.
435 3297 503 3364 Aug.
522 3314 547 3349 a.
566 3296 633 3350 luti
652 3299 792 3357 (Thorne
808 3299 826 3349 1.
844 3313 867 3348 e.
885 3314 945 3362 cap.
959 3295 991 3348 ‘tl
1010 3298 1035 3358 ξ.
1048 3294 1076 3352 81
1094 3303 1121 3348 et
1138 3299 1200 3363 dipl.
1218 3315 1242 3351 a.
1261 3299 1338 3350 tntu:
1356 3300 1527 3350 remanebunt

384 3383 434 3444 (so.
450 3399 531 3448 penes
550 3382 751 3445 monasterium)
775 3399 866 3435 aereus
888 3384 1065 3434 uniuslibrae
1083 3383 1246 3434 deecclesia
1271 3384 1304 3434 de
1322 3384 1475 3436 Stodmersh
1500 3387 1526 3435 in

383 3468 488 3532 signum
506 3475 659 3534 patronatus
675 3469 748 3528 (ibid.
766 3484 789 3518 o.
807 3465 842 3520 ⁸22
859 3469 883 3530 ξ.
902 3467 914 3519 1
935 3485 960 3532 p.
979 3465 1067 3530 1892).

456 3566 497 3630 tn)
517 3569 560 3622 Oi.
579 3571 642 3635 dipl.
659 3586 683 3621 a.
703 3569 769 3622 ints
788 3572 815 3620 in
833 3571 893 3620 adn.
911 3576 995 3622 anteo.
1013 3571 1065 3632 eit,
1084 3569 1146 3634 dipl.
1165 3570 1198 3620 ad
1219 3567 1257 3622 18,
1267 3571 1321 3620 Mai
1332 3565 1400 3621 1242
1419 3569 1455 3635 (p.
1467 3567 1525 3630 23):

384 3661 414 3703 ut
431 3654 553 3720 reciperet
569 3655 705 3716 eoelesiam,
722 3671 788 3721 qam
803 3672 856 3706 aon
872 3662 908 3704 est
924 3654 1030 3716 1111111411,
1047 3654 1103 3705 lieet
1116 3655 1284 3720 peraes'oaaraa
1299 3654 1430 3720 prioratui
1439 3653 1466 3707 S.
1480 3653 1527 3705 Jo-

384 3740 440 3790 eoda'
455 3740 582 3792 Bristolis.
1057 3791 1059 3796 .

456 3824 499 3888 lt)
518 3825 579 3890 eeu,
597 3832 627 3877 ut
644 3827 784 3877 verisimile
801 3831 842 3876 est
850 3830 910 3891 post
923 3841 1021 3875 annum
1032 3823 1108 3876 1175.
1132 3826 1227 3876 Exstat
1243 3827 1312 3876 enirn
1330 3825 1397 3876 haee
1415 3824 1528 3890 epistula

383 3911 565 3962 Londoniensi
587 3913 712 3978 episeopo
734 3912 817 3961 missa
844 3911 871 3958 in
889 3912 954 3960 aetis
977 3909 1083 3959 concilii
1098 3911 1388 3961 westmonasteriensis
1414 3928 1439 3962 a.
1461 3909 1527 3962 1175

385 3995 447 4047 bab.
465 3996 619 4058 (wilkins
636 3995 658 4060 1,
675 4011 700 4062 p.
719 3993 780 4056 478)
799 3995 911 4044 mirabili
929 3995 1006 4044 modo
1025 3995 1073 4044 sub
1092 3996 1273 4060 inscriptione:
1300 4011 1332 4045 eas
1357 3994 1462 4045 decretio
1489 3993 1527 4044 dt-

387 4096 518 4131 omoratm
532 4088 646 4145 patrum,
664 4097 696 4130 ex
715 4095 766 4145 quo
785 4081 873 4144 colligi
893 4087 978 4144 potest
997 4105 1027 4115 —
1046 4081 1070 4131 si
1087 4079 1122 4130 ad
1140 4081 1241 4130 initium
1260 4096 1283 4130 e.
1303 4081 1341 4132 VI
1359 4082 1402 4130 eit
1421 4080 1526 4144 respici-

385 4182 458 4216 mus:
475 4165 613 4216 aeeuasdum
630 4165 745 4216 imbuta
758 4164 982 4229 praedeeessorum
999 4171 1143 4214 nostrorum
1162 4189 1192 4199 -
1218 4165 1395 4214 Alexandrum
1418 4163 1451 4214 ad
1469 4179 1525 4213 ver·

384 4249 446 4298 burn
462 4250 597 4300 decretum
615 4251 680 4301 illud
708 4267 741 4300 es
764 4251 868 4300 doeroto
887 4250 1097 4316 praedecessoris
1120 4250 1257 4300 cuiusdam
1275 4249 1448 4310 deseripsisse
1474 4262 1525 4311 qua

383 4335 485 4384 ratione
508 4351 612 4400 quoque
629 4336 705 4386 lectio
729 4337 921 4397 compllntiouis
938 4335 960 4385 1.
982 4334 1075 4398 firmos
1093 4341 1194 4384 teneaat
1220 4333 1253 4394 (e.
1271 4332 1309 4384 vt
1327 4334 1345 4384 i.
1363 4333 1393 4389 f.)
1422 4331 1525 4381 lectioni

382 4418 495 4484 append.
513 4419 570 4471 Lat.
588 4419 761 4486 praeferende
779 4423 836 4472 erit.
869 4421 982 4472 usuram
999 4419 1111 4470 oollatae
1128 4420 1328 4472 constitutiones
1355 4417 1382 4467 in
1409 4416 1524 4468 additam

382 4503 411 4554 11
429 4503 454 4558 b.

452 4587 497 4651 lt)
514 4589 546 4641 In
563 4591 677 4646 histor.
694 4597 830 4644 monast.
849 4589 876 4642 S.
893 4589 1071 4658 Augustini
1089 4591 1177 4647 Cant.
1200 4607 1225 4657 p.
1244 4584 1304 4642 dii).
