3644 5268
931 640 994 736 rr,

369 805 481 876 'neque
503 795 602 858 victor
630 793 882 874 praesentaverit
890 793 945 870 ⁴⁹),
979 791 1039 855 huc
1066 792 1131 856 vice
1159 792 1208 856 ius
1236 795 1453 872 praesentandi
1482 795 1523 858 od

378 899 560 978 episcopum
582 896 715 960 iudicem
739 894 929 958 ordinarium
948 893 1180 970 devolvitur).
1211 893 1297 968 erne
1320 896 1423 958 omniu
1444 897 1521 958 sotis

379 1002 536 1062 constant.

464 1113 568 1196 Atque
590 1115 618 1178 si
632 1113 835 1178 tumdemum
858 1111 954 1175 tutius
967 1112 1247 1191 argumentationis
1270 1129 1424 1176 summam
1449 1115 1522 1176 srib-

380 1217 540 1296 ducamus‚
563 1217 640 1280 haec
662 1216 752 1297 quasi
775 1215 961 1296 gravissima
982 1213 1129 1292 ponenda
1150 1219 1239 1277 sunt:

428 1337 460 1412 1)
487 1334 600 1400 falsam
629 1353 699 1400 esse
728 1334 903 1416 opinionem
932 1351 1049 1412 eorum,
1082 1333 1136 1414 qui
1169 1332 1344 1412 pontificem
1379 1334 1458 1396 «luas
1491 1334 1522 1396 in

485 1455 553 1518 cop.
576 1437 637 1502 Vll
660 1455 788 1502 caussas
811 1435 1005 1514 distinguere
1027 1441 1184 1512 censeant,

422 1540 456 1622 2)
486 1557 558 1605 eum
579 1537 718 1604 firmario
740 1539 789 1603 ius
811 1542 998 1620 patronatus
1020 1554 1082 1600 non
1104 1537 1258 1612 addicere,

422 1641 457 1718 3)
484 1642 715 1723 possessionem
732 1642 810 1706 iuris
828 1645 1022 1722 patronatus
1045 1639 1231 1719 praesertim
1250 1658 1344 1720 quunr
1357 1642 1521 1719 (exceptum

485 1745 536 1822 sit,
558 1761 622 1808 uon
644 1761 714 1808 oum
736 1742 942 1806 universitate
965 1741 1100 1804 transire
1109 1741 1172 1822 ⁵⁰⁸),

422 1845 455 1919 4)
485 1843 657 1910 firmarium
680 1844 972 1926 quasi-aduocatum
994 1858 1064 1906 esse
1089 1879 1123 1890 -
1150 1860 1243 1906 verus
1265 1842 1347 1906 enirn
1370 1847 1521 1922 patronus

380 2155 497 2220 Egomet
514 2155 651 2204 terminum
669 2155 823 2216 quattuor
841 2151 967 2201 mensium
986 2153 1012 2200 in
1030 2151 1145 2202 lontibus
1162 2151 1304 2202 Alexandri
1329 2157 1354 2200 et
1373 2150 1462 2201 innoc.
1483 2150 1521 2198 lll

382 2240 506 2304 temporis
534 2253 586 2287 non
613 2237 710 2286 inveni.
747 2235 799 2286 Sed
820 2250 894 2286 conc.
912 2236 1000 2287 Later.
1018 2235 1060 2286 111
1083 2252 1105 2286 o.
1124 2235 1162 2284 IX
1191 2237 1230 2293 (in
1246 2235 1305 2285 aliis
1324 2235 1427 2285 collect.
1447 2235 1523 2288 VI'lll

383 2321 620 2390 apnleervasinrn
639 2321 735 2373 chron.
754 2336 779 2384 p.
798 2317 865 2372 1449
883 2321 1012 2387 allegatur
1030 2328 1055 2373 st
1074 2321 1108 2372 ad
1126 2321 1177 2371 hoc
1195 2336 1299 2386 qnoque
1308 2321 1522 2386 archiepiscopus

380 2410 506 2478 Cantuer.
531 2424 556 2461 e.
578 2404 645 2460 1202
672 2408 698 2456 iu
725 2407 919 2456 concertatione
945 2422 1004 2456 cum
1030 2407 1189 2457 monasterio
1208 2405 1233 2455 S.
1252 2406 1321 2472 Aug.
1349 2407 1381 2456 de
1399 2407 1464 2456 eccl.
1489 2407 1521 2456 de

381 2495 526 2546 Middelton
544 2495 653 2544 recurrit
670 2491 811 2551 (Tharne
827 2491 845 2542 l.
864 2507 887 2542 e.
907 2509 933 2558 p.
953 2487 1032 2554 1860)
1050 2493 1091 2543 his
1108 2492 1207 2543 verbis:
1225 2507 1280 2541 crem
1295 2491 1461 2556 praescript-io
1477 2507 1522 2540 serr

377 2579 502 2630 mensium
526 2577 673 2630 auaoruate
691 2575 875 2628 manumiss
891 2577 991 2627 οοηοὶἱὶἱ
1014 2593 1122 2628 curram
1146 2584 1234 2628 ceretro
1255 2584 1395 2642 patronum
1420 2577 1522 2626 martirio

376 2681 429 2715 nors
440 2671 645 2730 praesentarum
671 2679 751 2730 aeque
768 2670 890 2713 crematur
911 2662 974 2712 meru
1000 2670 1089 2713 cotnra
1109 2670 1247 2728 patronum
1269 2662 1383 2712 uitiosum
1396 2678 1541 2726 praesen-⁴

378 2757 473 2798 turstenc
491 2766 547 2813 sqq.
565 2775 598 2785 -
626 2765 677 2813 quo
696 2749 910 2812 archiepiscopus
927 2751 985 2812 ipse
1002 2753 1128 2811 testatur,
1155 2749 1225 2797 illum
1244 2748 1335 2796 (lurum
1354 2749 1521 2812 compositio·

375 2849 449 2894 nem,
481 2849 534 2898 qna
560 2833 608 2882 snb
635 2833 761 2896 auspiciis
787 2835 858 2898 regis
876 2833 986 2882 Haurici
1012 2849 1036 2882 a.
1056 2831 1124 2885 1183
1144 2833 1220 2890 [VIII
1242 2833 1267 2882 tl.
1285 2832 1375 2884 Mart.)
1400 2831 1521 2881 confecta

380 2920 538 2968 monasterio
556 2925 676 2982 respectu
694 2920 808 2967 omnium
826 2919 998 2968 ecclesiarum
1016 2919 1056 2968 sui
1066 2923 1219 2982 patronatus
1238 2922 1337 2966 tantum
1349 2917 1396 2966 XL
1415 2917 1470 2965 ‹lies
1486 2917 1520 2966 ad

383 3001 605 3068 praesentandum
624 3004 742 3053 concessi
760 3009 835 3053 erant
853 3001 898 3066 (cf.
916 3003 989 3056 hist.
1008 3018 1086 3056 mon.
1105 3001 1222 3068 song.
1240 3003 1276 3065 by
1284 3001 1406 3051 Elmham
1419 3017 1444 3066 p.
1455 3000 1522 3050 titii:

385 3088 477 3138 charta
494 3088 566 3153 regis
583 3086 714 3148 Heorta),
741 3089 907 3138 observatum
934 3104 987 3138 non
1006 3103 1072 3138 esse.
1108 3086 1144 3137 Oi
1167 3102 1245 3151 quoq.
1263 3091 1311 3137 art.
1331 3087 1410 3150 episc.
1429 3091 1522 3136 contra

389 3189 446 3238 reg.
464 3187 487 3222 a.
507 3169 575 3223 luen
602 3171 756 3226 (Wilkina
774 3172 801 3222 11
818 3188 844 3236 p.
864 3170 913 3222 115
931 3187 988 3237 cap.
1007 3169 1024 3221 2
1041 3171 1121 3236 resp.)
1147 3171 1194 3220 nbi
1210 3186 1258 3221 rex
1275 3173 1439 3234 pronuntiat,
1465 3173 1516 3221 sibi

383 3263 488 3321 tempus
506 3258 533 3306 in
551 3255 672 3306 ecclesiia
690 3271 744 3305 non
762 3271 877 3306 currere.

453 3355 498 3410 tut
524 3358 575 3408 Illa
592 3359 680 3422 opinio
696 3358 885 3408 Hostienais
902 3357 1031 3423 pendente
1052 3356 1099 3408 lite
1121 3356 1154 3407 de
1170 3359 1225 3408 iure
1243 3358 1425 3423 praesentandi
1443 3359 1517 3423 quasi

388 3446 536 3510 possessori
562 3445 797 3507 praesentationem
821 3449 968 3508 competere
993 3443 1042 3502 (ci.
1064 3458 1089 3492 v.
1107 3441 1212 3506 Espen
1233 3443 1251 3492 l.
1269 3458 1292 3493 c.
1319 3444 1350 3495 P.
1369 3444 1396 3493 lI
1421 3445 1460 3496 tit.
1478 3443 1511 3496 25

388 3545 411 3578 c.
429 3527 447 3578 5
464 3529 488 3588 ἓ.
505 3525 559 3591 45),
577 3543 658 3592 quam
675 3527 755 3577 etiarn
772 3528 791 3578 J
797 3543 864 3578 onn.
881 3527 975 3578 Andr.
993 3528 1022 3576 in
1044 3542 1067 3576 c.
1086 3541 1145 3576 cum
1163 3528 1279 3576 venisset
1297 3527 1347 3585 illl
1365 3527 1390 3576 X
1409 3528 1442 3578 de
1459 3533 1520 3578 rest.

382 3616 409 3664 in
427 3615 509 3678 integ.
528 3595 687 3677 plurimique
704 3611 751 3661 alii
777 3609 821 3673 (cf.
840 3611 900 3662 Cas
906 3628 931 3676 p.
949 3611 1072 3662 Klocki
1089 3609 1188 3660 Cousil.
1205 3615 1266 3661 torn.
1285 3611 1299 3660 I
1316 3612 1433 3662 Norimb.
1455 3609 1521 3662 1613

379 3698 494 3750 cons.5l
516 3713 542 3762 p.
557 3695 604 3748 751
624 3698 686 3762 ibiq.
705 3697 761 3751 citl
778 3699 871 3748 sectati
889 3703 959 3761 aunt,
977 3713 1027 3748 nec
1044 3697 1146 3747 ratione
1164 3711 1214 3746 nec
1231 3696 1352 3747 fontibus
1370 3697 1521 3748 adiuvatur.

380 3785 471 3852 Atque
489 3783 581 3834 eodem
598 3783 676 3834 modu
694 3783 829 3834 reicienda
846 3789 886 3834 est
911 3784 1058 3844 sententio,
1087 3784 1341 3848 praesentationem,
1369 3785 1391 3832 si
1410 3783 1443 3834 rlo
1460 3786 1519 3834 iure

382 3875 536 3937 patronatus
554 3871 719 3934 procedatur,
745 3872 849 3921 interim
876 3874 1021 3937 possessori
1047 3873 1131 3923 licere
1157 3868 1339 3936 (Schilling
1356 3869 1374 3918 l.
1393 3887 1415 3919 c.
1434 3887 1460 3934 p.
1479 3867 1521 3921 50.

332 3963 334 3967 '
378 3958 415 4009 At
434 3958 472 4010 ci.
490 3958 598 4007 iamiam
606 3956 720 4007 Klock.
737 3956 755 4007 l.
772 3960 816 4014 el,
835 3973 915 4020 quum
931 3973 1059 4023 persaepe
1077 3955 1239 4020 potissimum
1257 3962 1363 4020 propter
1381 3959 1520 4006 instantem

381 4044 624 4109 praesentationem
640 4057 786 4106 -proeessus
808 4041 840 4092 tle
862 4045 920 4092 iure
938 4041 1091 4093 intendatur
1108 4056 1143 4091 ne
1161 4039 1212 4090 hac
1229 4041 1287 4090 vice
1306 4047 1433 4105 patronus
1452 4057 1518 4090 com-

383 4127 460 4178 modo
478 4129 543 4178 iuris
562 4129 603 4178 sui
624 4126 801 4177 defraudetur.

447 4224 492 4287 50)
509 4229 553 4278 Ita
572 4229 741 4278 constitutum
763 4233 804 4278 est
820 4231 845 4276 in
866 4229 1127 4280 conc.Lateranensi
1146 4234 1172 4278 et
1190 4229 1297 4292 iusuper
1315 4229 1343 4278 in
1361 4244 1418 4292 cap.
1437 4228 1519 4277 xxii.

379 4312 525 4363 etxxvn.
544 4313 568 4362 X
583 4313 607 4364 h.
627 4318 647 4364 t.
665 4313 704 4362 Cf.
722 4330 791 4378 quoq
816 4312 1069 4364 Ooucil.Oxoniens.
1092 4329 1116 4362 n.
1136 4309 1204 4363 titt
1221 4329 1279 4362 ean.
1299 4313 1344 4364 VI.
1364 4313 1518 4373 (Wilkins

380 4397 398 4448 l.
416 4412 439 4448 c.
456 4397 470 4446 I
486 4413 512 4460 p.
531 4391 603 4459 586).
621 4397 716 4448 Flete
734 4399 751 4447 l.
769 4414 790 4448 c.
809 4414 834 4462 p.
852 4393 912 4448 637.
935 4397 1100 4463 Schilling
1117 4397 1136 4447 l.
1154 4411 1177 4446 c.
1195 4398 1211 4456 3
1239 4396 1274 4447 35
1292 4413 1316 4460 p.
1336 4392 1383 4458 56;
1401 4398 1423 4456 §-
1443 4397 1483 4446 to.

445 4478 506 4545 502)
526 4482 566 4532 Cf.
586 4497 663 4548 quoq.
681 4483 810 4532 Britton
828 4482 903 4546 chnp.
921 4481 969 4531 XC
987 4497 1013 4546 p.
1031 4481 1082 4533 357
1101 4496 1152 4530 mes
1170 4498 1187 4530 a
1204 4496 1275 4542 caua,
1302 4480 1347 4546 qui
1364 4489 1447 4532 tenent
1462 4497 1513 4546 par

376 4561 504 4630 feffernent
520 4583 573 4633 sqq.
608 4569 644 4618 Et
661 4568 779 4632 inprimis
797 4567 830 4617 cf.
849 4567 911 4619 ibid.
928 4582 955 4632 p.
973 4564 1025 4618 378
1044 4583 1100 4633 sqq.
1119 4571 1146 4618 et
1164 4582 1311 4632 rernarque.
