3644 5268
860 651 901 718 lt

311 797 349 872 de
370 801 481 872 firmae
497 801 618 888 origine
639 805 762 888 probat,
784 807 890 870 tamen
912 805 1064 886 temporis
1086 805 1224 886 spatium
1235 803 1353 871 nullius
1370 825 1449 888 pou-

310 909 394 972 deris
425 925 497 972 assc
524 925 626 988 neque
657 906 827 988 quidquam
862 907 904 972 ad
931 913 1077 972 naturam
1106 905 1216 972 firmae
1244 906 1451 974 definiendam

308 1007 427 1076 referre
448 1012 549 1090 putat

394 1109 607 1175 Verumeuim
628 1127 703 1174 vero
725 1125 833 1174 omnes
845 1109 878 1174 hi
890 1109 968 1191 loti,
990 1116 1120 1194 excepto
1143 1112 1174 1180 S.
1187 1109 1322 1194 Strymo,
1345 1111 1377 1176 in
1393 1111 1453 1176 hoc

309 1213 512 1292 conveniunt,
544 1211 594 1276 ius
626 1217 812 1293 patronatus
839 1231 878 1277 ex
900 1230 967 1293 cap.
989 1212 1061 1294 Vll,
1086 1215 1126 1280 ad
1148 1215 1368 1282 conductorem
1390 1233 1452 1278 non

309 1313 487 1394 transferri3
520 1331 627 1379 omnes
655 1319 762 1380 autem
790 1314 890 1395 magis
914 1313 1099 1398 coniectare,
1128 1335 1223 1398 quam
1245 1313 1383 1380 lontibus
1405 1315 1453 1378 iu-

309 1415 367 1481 niti
390 1416 545 1482 videntur.
591 1415 678 1494 Quae
700 1418 783 1482 enirn
806 1417 978 1498 diplomata
998 1418 1039 1484 ab
1060 1417 1099 1483 iis
1121 1419 1299 1500 allegantur
1319 1422 1376 1482 aut
1391 1435 1455 1480 nrm

309 1517 441 1600 Anglica
462 1523 518 1583 aut
539 1524 604 1584 tarn
619 1519 749 1585 minima
771 1525 854 1599 sunt,
876 1525 913 1584 ut
933 1539 972 1586 cx
994 1520 1033 1585 iis
1048 1527 1228 1588 contractus
1242 1523 1356 1584 natura
1377 1537 1454 1584 ouu-

309 1621 403 1688 clcari
426 1625 571 1705 nequeat.
626 1622 727 1688 Valde
760 1624 875 1688 mirum
909 1643 984 1689 vero
1006 1629 1064 1705 cst
1086 1626 1169 1708 quod
1192 1623 1270 1692 illud
1292 1622 1454 1688 Panormi·

309 1725 376 1790 tani
398 1725 437 1790 de
469 1721 700 1808 longinquitate
722 1727 887 1808 temporis,
910 1727 965 1810 qui
993 1724 1128 1794 tortasse
1149 1729 1189 1794 dc
1210 1731 1362 1810 perpetuo
1384 1744 1456 1792 con-

309 1827 471 1910 tractuss.’¹)
493 1829 544 1894 vel
556 1832 719 1894 contractu
740 1829 781 1894 ad
802 1846 930 1894 censum
941 1829 1167 1896 hereditarium
1189 1849 1255 1912 cap.
1267 1828 1337 1894 Vll.
1352 1827 1391 1894 X.
1414 1829 1454 1892 de

310 1929 377 1994 rab.
401 1931 486 2010 eccl,
508 1929 559 1995 vel
581 1935 743 1996 contractu
770 1930 939 2011 libellario,
967 1931 1018 1996 vel
1039 1932 1192 1998 locatione
1214 1935 1367 2014 perpetua
1388 1948 1455 2010 cap.

307 2029 356 2094 IX
377 2032 407 2094 h.
431 2037 451 2096 t
474 2029 639 2111 cogitavit,
674 2031 758 2112 quod
785 2031 864 2096 illud
886 2038 952 2096 tam
985 2034 1190 2098 communiter
1218 2052 1238 2096 a
1264 2030 1348 2096 lCtis
1370 2049 1456 2095 recc-

308 2137 398 2212 ptum
420 2136 470 2196 cst
491 2149 592 2212 neque
614 2131 781 2212 quisquam
802 2132 942 2198 laborem
971 2134 1055 2198 illius
1078 2133 1254 2199 sententiae
1275 2131 1455 2198 examinan-

311 2233 371 2299 dae
393 2233 539 2314 suscepit
564 2257 566 2262 ¹
594 2232 671 2297 Tam
694 2233 811 2298 lasciva
833 2233 916 2297 enim
939 2240 972 2298 et
993 2253 1106 2315 porum
1133 2239 1281 2300 accurata
1302 2234 1456 2312 interpre-

312 2335 400 2400 tandi
423 2339 513 2412 ratio,
535 2352 629 2416 quam
652 2333 792 2400 nonnulli
814 2333 881 2399 lCti
903 2336 1004 2400 secuti
1026 2340 1115 2426 sunt,
1148 2355 1215 2402 ram
1243 2335 1346 2417 magis
1368 2335 1458 2399 intri-

313 2443 371 2516 cat,
394 2456 488 2518 quam
510 2437 679 2502 dilucidam
701 2437 815 2502 reddit

398 2539 510 2621 Itaque
532 2539 667 2605 fortasse
695 2559 714 2604 a
736 2539 923 2622 garrulitate
951 2557 1095 2621 vanaque
1118 2539 1340 2620 allegationum
1362 2538 1459 2604 iacta-

313 2643 398 2706 tione
420 2642 604 2720 excusabor,
627 2643 653 2706 si
676 2643 715 2707 de
738 2643 797 2706 hac
817 2661 852 2706 re
874 2641 1025 2721 prolixius
1049 2641 1210 2706 disseram.

857 2929 913 2997 V.

309 3031 365 3164 ⁴llo
395 3085 495 3162 lirma
528 3083 590 3160 ad*
609 3082 734 3177 vitam,
770 3088 942 3183 perpetua
949 3134 961 3176 ,
995 3081 1039 3158 ad
1065 3083 1177 3158 maius
1204 3082 1259 3159 vel
1285 3082 1459 3160 modicum

335 3223 338 3228 ·
646 3205 651 3216 ’
810 3209 958 3302 tempus.

401 3375 468 3440 lam
498 3393 593 3455 supro
619 3369 763 3453 probavi,
797 3370 920 3436 firmam
954 3372 1141 3436 locationem
1170 3389 1241 3437 esse
1271 3371 1312 3436 ad
1340 3377 1459 3436 certum

316 3495 455 3542 annuum
477 3495 614 3542 censum.
664 3473 819 3538 Naturam
842 3493 916 3538 vero
939 3475 1148 3539 concessionis
1170 3472 1365 3539 indefinitam
1387 3475 1460 3538 reli-

316 3580 379 3660 qui.
410 3579 477 3643 Hoc
499 3573 625 3659 quidem
648 3581 783 3640 constat:
807 3575 915 3642 firmae
937 3595 1043 3642 vocam
1067 3595 1136 3640 csse
1159 3577 1249 3641 valde
1271 3577 1459 3658 ambiguam,

317 3700 413 3762 quum
435 3681 475 3745 ad
498 3697 619 3743 omnem
642 3696 769 3742 censum
798 3697 854 3758 pro
878 3679 1076 3743 concessione
1099 3678 1219 3758 praedii
1242 3679 1348 3759 aliqua
1372 3698 1462 3742 usur·

319 3783 386 3864 pari
407 3782 516 3863 possit.
560 3777 630 3844 Non
658 3779 809 3844 miremur
836 3781 941 3860 igitur,
972 3780 1173 3861 quodetiam
1197 3781 1228 3844 in
1251 3779 1345 3844 rebus
1368 3781 1459 3845 valdo

320 3884 452 3949 diuersis
474 3881 563 3948 nobis
586 3881 730 3946 occurrit.
782 3881 968 3962 Priusquam
999 3900 1073 3946 vcro
1096 3882 1136 3946 ad
1158 3881 1258 3960 ipsam
1283 3887 1462 3946 contractus

319 3991 464 4050 naturam
495 3983 709 4064 exponendam
745 3985 925 4065 aggrediar,
966 3985 1054 4048 illum
1082 3983 1146 4047 iam
1172 3987 1314 4047 notatum
1341 3991 1375 4048 ct
1396 3983 1461 4048 fera

320 4106 514 4152 communem
531 4103 668 4151 errorem
685 4087 854 4166 reprobare
870 4086 978 4151 liceat:
1000 4083 1123 4149 firmam
1151 4083 1320 4148 Alexandri
1343 4093 1462 4166 tompo-

325 4243 510 4253 -.—..—..---·—

320 4329 430 4382 wachrtc
439 4329 462 4380 ai
472 4329 533 4380 cloch
542 4327 687 4393 epactarum
698 4328 866 4379 cantatores
884 4328 1058 4395 eiqentlaum
1066 4327 1122 4377 arrd
1135 4326 1222 4376 warde
1234 4326 1262 4376 a'ra
1271 4328 1339 4377 allero
1347 4328 1461 4377 alueolos

323 4412 532 4467 dcrroemirclrea
541 4414 699 4480 eomlryteuae
716 4414 771 4465 und
788 4415 845 4465 dem
861 4415 995 4465 deaasrlaca
1012 4413 1124 4464 artatae
1152 4414 1171 4470 tl
1189 4413 1278 4478 itaqua
1294 4414 1361 4468 llaec
1379 4429 1457 4476 syuo-

321 4517 402 4565 nyma
419 4502 508 4561 sumti)
525 4499 708 4566 gleiclaqcatellt.

392 4587 436 4648 il)
454 4588 493 4638 cf.
511 4603 533 4638 c.
552 4588 576 4638 V
594 4587 618 4636 X
637 4585 669 4637 de
688 4587 743 4638 reb.
764 4585 858 4638 oculos.
878 4585 937 4649 (ΙΙΙ,
956 4583 1009 4647 13),
1234 4647 1253 4713 4
