3644 5268
883 656 924 719 ts

336 811 389 874 illa
402 811 654 889 praesentatione
674 807 757 872 latete
778 809 1018 888 possessionem,
1042 823 1123 886 quae
1145 825 1214 870 eam
1238 805 1311 871 villa
1333 825 1392 870 non
1405 824 1477 871 eon·

335 910 441 973 testim
477 909 517 972 ad
546 927 617 971 eam
641 908 904 986 transferebatur,
934 908 994 971 sibi
1017 907 1158 987 arripuit
1202 907 1246 971 At
1267 916 1302 971 ut
1323 908 1479 971 institutio

338 1007 428 1073 fianta
448 1018 581 1089 rataque
602 1015 794 1088 permaneat,
827 1007 985 1087 possessio
1019 1015 1093 1071 ante
1115 1008 1402 1088 praesentationem
1424 1013 1479 1070 aut

335 1111 384 1172 ius
397 1109 620 1188 praesentandi
639 1109 824 1188 requiritur:
836 1109 975 1188 alioquin
986 1107 1079 1187 plane
1090 1107 1179 1172 nulla
1193 1109 1351 1172 institutio
1363 1109 1479 1172 rescin-

336 1209 440 1272 denda
461 1214 554 1272 esset.

423 1309 539 1374 Verum
552 1309 633 1374 enim
647 1327 719 1372 vero
732 1309 758 1372 si
770 1308 801 1372 in
813 1308 997 1389 glossatoris
1009 1313 1131 1390 partem
1143 1309 1411 1388 accedemuscap.
1420 1307 1481 1371 Vll

335 1411 488 1474 adnabus
506 1411 576 1473 aliis
592 1412 624 1472 in
640 1409 785 1490 Gregorii
808 1411 989 1473 collectione
1011 1411 1207 1477 exstantibus
1230 1411 1375 1489 epistulis
1387 1410 1481 1488 plane

335 1511 690 1592 abborreretatqneeas
712 1511 743 1574 in
767 1510 892 1574 diversa
914 1511 1067 1577 traheret:
1090 1509 1336 1592 oioooapnbt
1357 1509 1398 1576 X.
1414 1511 1479 1574 bt.

336 1619 370 1678 et
392 1631 459 1694 cap.
481 1611 598 1677 XVIII.
622 1611 662 1676 X.
686 1611 725 1676 de
747 1618 826 1676 sent.
850 1622 938 1678 stre
966 1613 1060 1679 iudie.
1093 1611 1193 1689 Quam
1220 1613 1336 1678 acriter
1356 1612 1411 1677 illa
1432 1613 1480 1676 in-

336 1715 603 1796 terpretatiacum
616 1733 682 1795 cap.
700 1712 785 1778 XIX.
809 1715 860 1778 cit.
874 1721 1001 1796 pugnet,
1023 1717 1086 1780 iarn
1109 1734 1146 1780 ex
1168 1716 1261 1780 rebus
1283 1716 1353 1779 unis
1376 1715 1481 1780 allatis

341 1817 493 1898 sequitur,
517 1835 614 1898 quum
628 1815 688 1880 hac
700 1815 836 1896 epistula
848 1816 1024 1881 Alexander
1041 1835 1165 1882 omnem
1188 1817 1482 1881 institutionem

339 1919 385 1983 ad
407 1919 769 2001 praesentationem
792 1919 890 1998 eius,
914 1920 977 2000 qui
1000 1925 1151 1983 tantum
1173 1919 1481 2000 eredereturpa·

339 2027 474 2085 tronus
506 2039 632 2102 neque
661 2037 868 2100 possessor
900 2020 1054 2100 quidem
1092 2029 1216 2099 esset,
1250 2020 1482 2084 irritandam

335 2124 623 2202 pronuntiaret.
677 2124 716 2185 dt
748 2122 849 2186 altera
880 2139 1004 2201 quoque
1031 2121 1166 2200 epistula
1186 2121 1388 2202 impugnatae
1411 2139 1482 2186 sea·

335 2225 454 2288 tentiae
470 2225 600 2300 resistit,
622 2241 685 2302 qua
697 2223 823 2303 quidem
839 2222 1041 2285 Innocentius
1057 2219 1106 2284 111
1122 2238 1265 2285 euussam
1288 2223 1379 2286 valde
1397 2223 1483 2286 simi·

337 2325 398 2390 lem
421 2326 593 2406 disceptat:
615 2324 845 2388 institutionem
869 2323 911 2387 ad
933 2321 1098 2388 creditoris
1120 2321 1317 2403 pignoraticii
1332 2341 1481 2404 praesen·

334 2429 485 2492 tationem
507 2426 623 2492 factam
656 2443 738 2490 eam
771 2427 816 2490 ob
850 2443 1027 2490 caussam
1055 2422 1269 2505 infirmari,
1303 2426 1393 2506 qaia
1415 2425 1480 2489 de·

334 2529 439 2594 bitor
471 2529 510 2592 in
543 2533 746 2592 contractu
781 2528 950 2592 ineundo
978 2528 1040 2590 ius
1062 2531 1297 2606 patronatus
1319 2525 1397 2589 sibi
1420 2543 1480 2589 re·

338 2630 570 2694 servaverit
598 2627 708 2709 Neque
730 2629 885 2694 obiciatur
906 2629 998 2694 mibi:
1021 2630 1168 2694 creditori
1189 2628 1393 2710 pignoraticia
1415 2645 1481 2690 om-

332 2732 406 2794 niuo
429 2732 497 2794 iure
516 2736 701 2809 patronatus
724 2732 771 2792 uti
790 2751 850 2794 non
868 2732 971 2808 licere,
994 2749 1090 2809 qaum
1108 2730 1158 2793 bie
1172 2749 1247 2792 usus
1261 2730 1350 2808 quasi
1361 2727 1482 2807 praedii

334 2831 454 2895 tractus
477 2832 528 2908 sit,
551 2831 605 2911 qui
640 2831 811 2895 seeundum
845 2849 951 2894 saeros
974 2847 1110 2894 canones
1138 2831 1171 2893 in
1194 2835 1310 2894 sortem
1333 2828 1480 2909 imputari

338 2931 451 2996 debeat
472 2931 606 3012 ideoque
640 2933 681 2997 ad
703 2935 866 3013 pecuniam
889 2933 1065 3014 redigetur,
1099 2931 1183 3012 quod
1206 2934 1295 3013 qnasi
1317 2933 1480 2996 simoniam

337 3033 422 3098 nulla
449 3035 541 3098 modo
569 3035 799 3099 admittendum
827 3053 906 3100 esse.
960 3035 1101 3099 Primum
1129 3034 1212 3098 enim
1239 3033 1316 3098 haee
1338 3034 1482 3114 analogia

337 3135 494 3200 fructuum
517 3141 550 3200 et
573 3155 649 3201 usus
665 3137 756 3218 *iuris
779 3143 965 3218 patronatus
995 3137 1089 3216 plane
1111 3154 1260 3218 perversa
1281 3136 1483 3216 exstirpanda

338 3243 396 3301 est.
418 3236 580 3301 Usuenim
597 3238 675 3302 iuris
703 3243 889 3318 patronatus
919 3257 981 3302 non
1003 3239 1096 3302 meda
1119 3240 1189 3302 iura
1212 3238 1482 3303 sedoneraetiam

342 3345 374 3402 et
393 3336 494 3402 officia
527 3339 567 3402 ad
599 3357 814 3420 possessorem
848 3337 1089 3404 transferuutur.
1128 3338 1238 3420 Neque
1265 3357 1303 3402 ex
1325 3356 1371 3418 eo,
1400 3338 1483 3418 quaed

345 3458 501 3504 summum
520 3440 570 3503 ius
586 3442 807 3520 praesentandi
830 3441 954 3504 omnino
977 3441 1018 3505 ad
1038 3441 1188 3521 pecuniae
1208 3441 1367 3521 propriam
1389 3459 1483 3520 pecu·

336 3543 508 3622 lienemque
529 3541 683 3606 rationem
705 3541 798 3622 dirigi
820 3559 882 3605 nau
903 3545 1018 3621 potest,
1047 3542 1193 3623 colligere
1214 3560 1396 3622 possumus,
1429 3542 1482 3606 illo

342 3642 490 3707 creditori
500 3642 547 3704 uti
568 3659 631 3705 nan
652 3642 754 3721 licere,
777 3642 834 3706 sed
855 3644 1040 3722 eampotius
1063 3643 1103 3707 ob
1121 3660 1266 3708 caussam
1288 3643 1336 3707 vel
1351 3642 1485 3704 maxime

340 3742 368 3807 ei
390 3742 449 3807 boc
473 3741 677 3807 concedamus
691 3742 742 3819 ⁸⁴).
796 3741 954 3819 Quantum
981 3761 1055 3810 vero
1078 3743 1132 3808 illa
1153 3744 1298 3825 analogia
1320 3762 1340 3808 a
1360 3745 1482 3808 ratione

411 3979 707 4047 al)1aqu0qo0nam
731 3997 794 4032 usus
812 3986 876 4033 iuris
895 3990 1048 4049 patronatus
1069 3987 1201 4036 aestimari
1227 4003 1276 4037 uec
1303 3992 1403 4051 potest,
1428 3999 1477 4034 nec

343 4065 429 4130 debet,
448 4066 497 4116 sub
516 4082 654 4116 usurarum
672 4067 790 4130 regulam
808 4083 866 4117 eum
886 4084 939 4118 nou
957 4069 1052 4120 cadere
1069 4075 1148 4135 patet
1185 4070 1232 4120 Sin
1249 4087 1313 4121 vero
1335 4085 1368 4120 ex
1389 4069 1435 4119 illa
1453 4084 1480 4118 re

342 4149 514 4215 Sehillingias
532 4151 643 4214 probare
662 4157 771 4201 conatus
799 4152 833 4201 ed
851 4153 1004 4204 creditorem
1026 4156 1228 4220 pignoratieium
1246 4171 1321 4205 usum
1341 4155 1357 4205 i
1376 4170 1402 4218 p.
1428 4167 1480 4203 uon

341 4236 452 4284 transire
470 4235 522 4291 let.
541 4251 623 4302 supra
641 4235 773 4298 intentu),
794 4237 839 4286 ille
857 4239 975 4301 petitioni
994 4241 1114 4304 principii
1131 4241 1257 4304 innititur,
1280 4255 1355 4290 usum
1374 4239 1390 4289 i.
1408 4254 1434 4303 p.
1451 4237 1485 4288 ad

342 4320 447 4378 regulas
466 4320 644 4372 detractibus
663 4337 721 4372 esse
739 4321 912 4372 ordinandum
947 4325 1016 4386 Quid
1035 4326 1102 4374 enim
1121 4325 1144 4374 si
1163 4324 1275 4374 creditor
1293 4323 1482 4390 pignoratieius

342 4405 393 4456 illis
411 4405 566 4456 fructibusi
596 4422 621 4471 p.
641 4423 705 4456 usus
723 4412 801 4466 esset,
821 4423 909 4458 nonne
926 4409 1069 4460 seeundum
1089 4408 1237 4476 Sebilllngii
1255 4410 1418 4471 seutentiam,
1437 4407 1482 4457 ille

340 4506 404 4542 usus
426 4491 459 4541 ad
486 4493 624 4556 pecuniam
653 4493 815 4559 redigendus
844 4500 871 4543 et
901 4495 928 4543 in
948 4500 1043 4545 sortem
1060 4495 1228 4560 imputandus
1246 4496 1332 4545 esset?
1367 4490 1482 4558 [Plurimi

339 4576 410 4628 enim
426 4576 525 4629 iunctm
543 4579 619 4644 quasi
629 4579 758 4630 consumti
777 4580 804 4629 ia
822 4585 915 4631 natura
932 4580 1033 4632 restitui
1042 4595 1095 4632 non
1105 4585 1216 4646 possunt
1229 4581 1263 4633 ci.
1272 4580 1330 4634 infr.
1341 4579 1401 4632 ada.
1411 4574 1481 4643 lta]
