3644 5268
894 668 934 736 sl

351 825 437 914 quod
458 837 624 911 oreteqaom
647 819 684 888 de
706 823 774 887 aare
789 833 861 908 pot.
874 823 931 888 int.
944 821 1011 887 abb.
1030 831 1058 886 et
1079 821 1142 890 nael.
1157 835 1292 889 controv.
1305 835 1383 891 orta
1397 837 1488 911 esset,

344 929 453 1016 praef.
482 928 515 992 V.
539 927 702 992 institutus
715 925 837 1010 fnisset
855 947 916 1010 per
942 925 1122 1010 episcopum
1145 925 1190 990 od
1206 931 1486 1013 praesentationem

350 1033 472 1111 militis,
495 1030 655 1092 ecclesiam
678 1027 775 1091 cidens
794 1025 990 1107 adiudicatae,
1013 1024 1178 1091 dammodo
1200 1028 1331 1094 idoneus
1352 1032 1411 1094 sr't:
1431 1034 1487 1112 ito,

352 1132 469 1218 quodsi
499 1128 566 1194 abb.
591 1129 725 1194 obteneat
747 1127 818 1192 ado.
841 1129 907 1192 mit.
927 1125 1113 1212 praedictas
1147 1126 1182 1194 Τ.
1210 1131 1281 1194 itti
1312 1131 1356 1196 de
1383 1144 1489 1218 temp.

352 1233 428 1297 deb.
452 1230 709 1318 respondere:
744 1242 777 1294 et
808 1230 866 1292 sie
897 1229 937 1292 in
969 1241 1134 1316 atroque
1166 1255 1259 1297 cosa
1287 1229 1488 1298 obtinebit.

353 1339 401 1402 Ad
423 1355 505 1420 quae
526 1341 671 1401 notatur:
694 1331 780 1418 qreod
799 1333 850 1396 ius
864 1341 1058 1416 potronatus
1070 1335 1186 1397 transit
1198 1357 1266 1399 cuore
1276 1336 1491 1418 universitate,

352 1440 420 1503 arsi
438 1439 618 1525 specialiter
639 1437 828 1522 encioiotar.
860 1431 939 1496 Item
961 1434 1015 1497 lite
1035 1445 1118 1498 rnoto
1140 1459 1235 1521 snper
1255 1437 1323 1500 aiere
1341 1459 1491 1522 proesen-

355 1540 448 1604 tondi
466 1537 664 1626 vetelipeodi
678 1535 891 1624 praesentatio
906 1545 1021 1619 postea
1032 1536 1114 1622 fleri
1132 1561 1194 1601 non
1207 1536 1293 1602 dedet
1313 1540 1364 1602 oet
1384 1541 1491 1605 electio

353 1655 382 1704 et
404 1643 436 1705 si
448 1641 539 1725 fieret
571 1661 633 1703 noa
661 1637 748 1702 dehet
771 1638 954 1722 confirmari
978 1639 1028 1702 vel
1047 1639 1207 1723 afiartae·
1222 1638 1378 1725 pendente
1400 1664 1490 1725 quoe-

355 1743 454 1806 stionc
476 1743 557 1804 rarus
571 1751 766 1825 potronatus
787 1740 837 1803 oct
858 1739 1026 1802 electionis.
1071 1737 1149 1802 Item
1166 1743 1380 1824 praesentatio
1393 1742 1491 1828 foeta

355 1844 394 1906 od
415 1843 488 1926 itio,
519 1844 576 1926 qai
594 1842 628 1904 in
649 1841 731 1904 raris
750 1851 990 1925 potronatus
1004 1842 1262 1924 possessione
1283 1856 1353 1923 est,
1376 1845 1489 1907 volet.

441 1945 553 2026 Itaque
576 1943 838 2010 secundumhana
860 1943 1317 2024 interpretationempontificis
1335 1948 1492 2012 sententia

356 2049 514 2134 inprime
537 2047 655 2130 specie:
689 2048 716 2112 si
737 2047 812 2112 villa
838 2066 900 2112 non
922 2051 1052 2127 excepto
1079 2046 1148 2110 iura
1169 2053 1355 2128 patronatus
1378 2050 1418 2115 ad
1440 2048 1492 2115 fir·

354 2152 535 2217 1namdata
562 2151 618 2229 sit,
656 2147 798 2213 firmario
827 2149 877 2213 ius
905 2155 1092 2229 patronatus
1125 2149 1282 2215 addicitur
1291 2151 1347 2233 ²⁶),
1392 2153 1493 2217 altera

355 2261 475 2318 autem:
498 2253 526 2316 si
548 2251 739 2332 apparuerit,
762 2251 907 2315 clericum
930 2254 1003 2313 ante
1015 2251 1257 2315 controversiam
1279 2257 1380 2316 ortam
1402 2255 1493 2317 insti·

354 2362 458 2420 tutum
482 2373 567 2434 essu,
595 2351 752 2416 institutio
779 2351 933 2416 irritanda
953 2369 1014 2414 non
1038 2353 1087 2412 est
1114 2351 1202 2424 (licet
1228 2352 1278 2418 ius
1306 2360 1492 2436 patronatus

354 2457 544 2536 evincatur),
577 2454 652 2535 quia
684 2451 841 2517 liunurius
877 2451 967 2532 quasi
999 2468 1163 2532 possessor
1194 2454 1273 2520 iuris
1305 2462 1491 2537 patronatus

357 2557 579 2640 praesentavit.
1169 2579 1171 2586 ·

443 2661 486 2724 lit
517 2678 579 2723 nou
611 2657 693 2721 levia
726 2661 834 2720 eovrtra
860 2657 940 2720 hanc
970 2655 1158 2719 sententiam
1184 2663 1367 2737 argumenta
1388 2659 1492 2726 afferri

358 2765 497 2841 possunt.
1461 2841 1463 2845 ,

443 2861 610 2923 Primum
644 2874 775 2936 quaero,
820 2875 908 2938 nvem,
947 2859 974 2923 si
1007 2874 1090 2940 papa
1121 2857 1224 2937 prima
1255 2859 1371 2924 decreti
1402 2867 1492 2942 parte

357 2961 495 3028 liunurio
521 2961 571 3024 ius
599 2963 784 3040 patronatus
812 2959 999 3042 addixisset,
1032 2962 1072 3026 ab
1105 2980 1142 3026 eo
1175 2963 1259 3025 rectu
1285 2977 1322 3024 ao
1349 2961 1394 3024 rei
1420 2979 1493 3030 con·

362 3066 490 3130 veniens
513 3062 632 3127 facturn.
652 3067 752 3140 esset,
779 3066 815 3125 ut
836 3067 949 3142 postea
969 3064 1002 3128 iu
1025 3065 1136 3129 eadem
1158 3063 1292 3144 epistula
1312 3063 1370 3128 hoe
1392 3065 1440 3130 ius
1463 3067 1495 3129 iu

361 3167 490 3231 dubium
511 3169 682 3228 revocaret.
721 3163 849 3228 Certum
871 3172 978 3230 autem
1000 3163 1157 3246 fixumque
1178 3171 1378 3245 conspectum
1400 3167 1495 3231 hebe-

362 3285 448 3345 mus,
480 3267 540 3330 hoe
570 3266 609 3330 ub
637 3282 673 3328 ee
695 3262 812 3329 factum
834 3284 910 3332 esse.
955 3266 1036 3332 Nam
1066 3267 1099 3331 id
1126 3269 1303 3331 continetur
1324 3268 1356 3331 in
1377 3269 1495 3333 verbis:

365 3369 398 3431 si
418 3367 578 3430 abbatissa
601 3363 737 3426 obteneat
758 3363 909 3429 adversas
930 3369 1074 3451 militans,
1097 3386 1177 3449 quiae
1200 3369 1245 3432 ita
1262 3368 1496 3448 interpretanda

364 3487 542 3534 censemus:
576 3467 604 3531 si
636 3466 797 3530 abbatissa
829 3469 862 3532 in
893 3487 1043 3549 processu
1072 3471 1110 3535 de
1138 3471 1205 3534 iure
1234 3475 1314 3550 patr.
1336 3471 1495 3536 victoriam

364 3570 553 3649 reportabit,
576 3568 639 3631 vel:
668 3569 695 3630 si
713 3568 767 3631 ius
789 3575 870 3647 patr.
893 3570 1030 3634 evicerit.
1073 3571 1123 3635 Ad
1145 3571 1227 3650 quod
1248 3571 1497 3650 perspiciendum

364 3674 396 3734 iu
419 3670 601 3733 mennonium
617 3686 807 3747 revocemus,
829 3671 1037 3735 inBritannia
1058 3671 1112 3735 illo
1134 3677 1274 3751 tempore
1296 3690 1404 3736 omnes
1426 3691 1498 3736 con-

362 3770 533 3836 troversias
551 3769 589 3832 de
611 3769 820 3834 advocationis
842 3772 911 3834 iure
933 3772 1002 3851 ipso
1031 3771 1072 3836 ad
1093 3772 1176 3852 regis
1194 3772 1312 3836 curium
1329 3779 1499 3852 spectasse.

367 3867 605 3950 Quod'quidem
637 3871 686 3933 ius
716 3888 848 3935 coronae
876 3872 1002 3937 iamiam
1030 3875 1119 3954 quasi
1145 3877 1251 3938 vetere
1277 3876 1501 3940 consuetudine

368 3974 456 4055 regni
468 3975 630 4050 receptum
642 3971 914 4038 constitutionibus
928 3974 1154 4039 clarendoniae
1162 3976 1201 4058 ²⁷)
1213 3975 1234 4040 f.
1246 3974 1389 4054 firmatur
1400 3995 1501 4056 neque

440 4158 485 4214 aar
506 4161 583 4223 Quod
603 4160 706 4224 quidem
725 4160 897 4224 glossatorem
915 4167 1023 4225 putasse
1040 4179 1071 4213 ex
1089 4178 1121 4213 eo
1138 4168 1259 4229 apparet,
1285 4165 1360 4228 quia,
1378 4166 1401 4214 si
1418 4164 1500 4216 firma-

369 4251 435 4297 rium
453 4263 544 4297 verum
562 4250 700 4312 patronum
723 4260 774 4293 non
797 4245 980 4309 intellexisset,
1006 4263 1128 4312 perverso
1154 4255 1238 4310 asset,
1263 4251 1333 4314 quod
1360 4251 1454 4300 elerico
1486 4267 1501 4302 a

370 4333 451 4382 milite
470 4335 650 4396 praesentato,
678 4331 779 4380 etiamsi
807 4337 867 4381 ante
885 4334 1088 4383 controversiam
1106 4335 1240 4385 institutus
1263 4349 1316 4383 nou
1334 4341 1403 4384 esset
1421 4335 1501 4384 eccle·

370 4421 435 4469 aiam
453 4417 622 4472 adiudicaret.
1526 4474 1527 4477 Ἴ

435 4499 480 4560 aa
500 4502 539 4552 De
556 4498 715 4551 avocatione
734 4506 757 4549 et
770 4501 975 4567 praeamatione
992 4503 1153 4554 sectarim-uon
1171 4503 1368 4556 acmurooersio
1380 4505 1504 4556 moreat

368 4586 435 4635 inter
452 4587 528 4635 lanea
545 4586 584 4635 uel
601 4585 702 4635 clericos
727 4593 750 4634 et
768 4585 844 4638 laicos
860 4588 899 4637 oet
915 4587 982 4638 inter
998 4589 1099 4638 clericos
1124 4591 1153 4640 in
1170 4590 1244 4640 cunio
1260 4589 1355 4641 anani
1370 4592 1436 4656 repis
1451 4597 1505 4640 tra·
