3644 5268
911 617 953 684 24

362 773 510 850 invenies
533 772 587 852 qui
609 773 700 852 quusi
723 775 936 838 coniecturum
959 786 1050 834 suoru
1073 769 1178 836 offert:
1207 779 1382 833 contractus
1405 763 1505 832 datio

363 874 414 936 nis
436 872 480 936 ad
490 871 632 958 strenam,
650 884 732 956 puto
754 896 881 936 manum
903 870 934 938 S.
954 872 1193 956 possessionem.

448 991 568 1069 Quibus
600 993 694 1056 rebus
733 993 873 1072 omissis,
914 990 954 1054 ed
982 995 1078 1070 caput
1106 987 1377 1070 interpretandum
1401 1005 1504 1069 regre-

363 1095 496 1160 diamur.
540 1093 744 1158 Probuuimus
768 1095 874 1176 igitur,
905 1091 998 1157 militi
1021 1093 1056 1157 B.
1080 1091 1255 1156 manerium
1278 1089 1370 1170 illud,
1392 1090 1508 1172 inquo

363 1197 495 1262 ccclesia
516 1196 578 1260 situ
604 1200 667 1274 est,
701 1197 742 1260 ud
770 1195 893 1261 firmam
916 1195 946 1258 h.
969 1213 995 1259 e.
1018 1193 1110 1258 titulo
1139 1192 1304 1258 locationis
1326 1209 1383 1272 pro
1405 1210 1508 1256 annuo

363 1317 459 1364 censu
481 1295 543 1363 fixo
566 1315 750 1364 concessum
771 1316 852 1363 esse.
897 1297 943 1362 Ac
969 1296 1108 1376 primum
1130 1293 1257 1374 quidem
1279 1298 1417 1374 constet,
1450 1293 1510 1358 hoe

363 1403 396 1464 et
417 1397 486 1463 fieri
507 1398 601 1462 licere
624 1405 657 1462 ct
677 1417 829 1480 persaepe
852 1397 970 1463 factum
994 1415 1073 1474 esse,
1096 1397 1263 1462 dummodo
1285 1415 1326 1460 ne
1347 1395 1510 1460 abbatisse

366 1501 434 1564 sinc
457 1517 611 1563 consensu
628 1499 757 1578 cupituli
769 1505 966 1565 contractum
977 1500 1120 1576 iecisset3
1143 1502 1176 1562 et
1197 1499 1224 1562 si
1241 1496 1378 1576 fecisset,
1401 1503 1508 1562 tomen

365 1599 419 1663 ilio
442 1604 583 1678 tempore
605 1603 784 1664 contractus
807 1602 858 1664 vix
870 1603 1027 1666 rescissus
1049 1604 1141 1664 esset
1175 1597 1349 1663 Interdicte
1370 1598 1509 1680 quidem,

365 1717 406 1764 ue
427 1699 558 1780 praedio
580 1701 841 1765 monasteriorum
870 1720 932 1766 non
961 1701 1174 1768 consentiente
1196 1705 1350 1764 conuentu
1372 1700 1509 1765 clieuen·

368 1807 422 1864 tur
448 1801 498 1865 vel
530 1800 672 1866 locentur
694 1802 820 1866 iamiam
843 1822 870 1867 a.
894 1801 956 1869 816
986 1804 1018 1868 in
1046 1802 1164 1884 synodo
1187 1800 1410 1866 Culchuthensi
1439 1818 1510 1866 oon-

368 1903 480 1968 stitutu
501 1903 649 1984 erunt⁹⁸).
694 1904 791 1984 Atqui
825 1911 1003 1972 contractus
1038 1912 1148 1970 contro
1175 1905 1256 1970 hanc
1287 1903 1388 1986 legem
1411 1901 1512 1968 factos

369 2005 521 2070 nescisses
553 2023 615 2070 non
643 2023 729 2086 csse,
763 2006 929 2086 permultis
964 2007 1114 2072 docemur
1147 2005 1365 2072 instrumentis
1374 2007 1424 2080 ⁰⁸).
1469 2004 1513 2070 Et

368 2108 471 2191 ipsum
495 2109 544 2174 ius
574 2107 652 2172 illud
677 2108 874 2174 rescissionis
902 2127 1136 2192 nonnumquam
1158 2107 1252 2190 quusi
1273 2108 1513 2190 priuilegiumc

367 2209 566 2292 pontificibus
591 2211 747 2276 coenobiis
769 2211 1056 2294 concedebctwp.
1106 2211 1221 2276 Utrum
1244 2216 1350 2276 eutem
1369 2211 1449 2296 luico
1471 2229 1512 2274 un

370 2313 483 2378 clerico
506 2313 682 2379 manerium
704 2312 744 2377 ud
766 2311 890 2378 firmum
912 2331 1094 2380 concessum
1117 2314 1169 2395 sit,
1190 2313 1269 2379 nihil
1289 2311 1401 2379 refert:
1424 2311 1511 2379 vide·

374 2416 448 2481 iicet
470 2416 496 2481 si
519 2416 644 2480 omnino
666 2415 788 2496 legibus
810 2416 939 2480 statutis
961 2416 1098 2480 locatum
1120 2416 1170 2480 sit

461 2537 504 2598 At
526 2535 625 2600 altere
653 2536 816 2616 quaestio,
851 2553 945 2616 quum
973 2553 1071 2616 supro
1097 2534 1174 2599 mihi
1199 2532 1363 2615 proposui,
1390 2537 1513 2612 pertru-

371 2637 486 2700 ctanda
507 2642 566 2702 est.
610 2636 782 2701 Dubitatur
802 2636 902 2716 enim,
924 2655 1000 2702 nurn
1028 2636 1160 2702 ecclesio
1185 2635 1241 2699 ille
1260 2653 1324 2698 una
1346 2651 1417 2698 cum
1438 2632 1514 2698 villu

372 2736 412 2800 ad
434 2734 557 2800 firmum
580 2755 731 2802 concessu
752 2738 801 2801 sit.

458 2851 548 2927 Quod
580 2855 678 2934 igitur
706 2854 838 2918 ecclesie
867 2855 1002 2919 invilla
1029 2855 1093 2918 sito
1119 2856 1204 2922 erut.
1237 2868 1300 2914 non
1321 2851 1433 2916 mirum
1456 2858 1515 2933 est,

376 2970 471 3032 quum
493 2953 525 3016 in
537 2952 723 3035 lutiiuudiis,
746 2973 828 3035 quae
841 2973 878 3018 ex
893 2955 1057 3035 permultis
1070 2953 1258 3018 tenementis
1274 2955 1514 3036 constudent⁹⁸),

374 3055 460 3119 haud
488 3075 559 3120 roro
588 3075 608 3122 a
636 3057 769 3122 dominis
803 3057 955 3123 ecclesiae
984 3053 1239 3120 aedificabuntur.
1295 3053 1363 3130 Quo
1389 3055 1516 3135 quidem

376 3161 488 3236 posteo
524 3157 700 3238 accidebat,
733 3163 771 3222 ut
802 3157 978 3223 secundum
1011 3155 1213 3222 sardicenses
1245 3161 1278 3222 et
1308 3156 1518 3222 Laodicenses

375 3275 510 3322 canones
533 3259 624 3324 sedes
658 3260 849 3342 episcopales
884 3258 922 3324 de
945 3257 1027 3323 villis
1055 3259 1095 3324 sd
1129 3257 1222 3324 urbes
1253 3276 1322 3324 esse
1349 3258 1520 3324 translatus

382 3414 585 3424 ..μ-...-

450 3513 682 3580 93)Wilkins1
702 3533 725 3582 p.
750 3514 800 3570 170
820 3533 843 3570 c.

447 3598 494 3659 94)
513 3601 555 3652 cf.
574 3603 681 3654 Matth.
700 3603 807 3657 Puris.
824 3605 871 3654 vit.
889 3603 944 3668 vig.
961 3607 993 3653 tr.
1012 3603 1073 3653 abb.
1090 3618 1116 3668 p.
1134 3599 1177 3664 33,
1195 3617 1220 3666 p.
1231 3595 1264 3652 53
1283 3617 1351 3668 sqq.;
1371 3601 1519 3653 chronic.

380 3687 451 3738 abb.
470 3687 506 3737 de
523 3686 682 3738 Eveshom
702 3688 736 3738 nd
754 3705 778 3739 e.
798 3685 970 3740 nol-mut
989 3705 1013 3753 p.
1033 3684 1084 3739 lut
1100 3687 1222 3743 (Lurrdon
1243 3683 1329 3738 luitur.

283 3774 284 3778 ’
446 3769 494 3827 95)
514 3773 633 3838 Exempli
651 3775 738 3838 grstia
754 3773 848 3824 afferro
867 3773 964 3822 bullum
983 3789 1009 3824 a.
1028 3769 1097 3824 1250
1114 3776 1272 3828 monasterio
1292 3772 1439 3838 &August
1451 3774 1520 3823 Cen·

382 3861 449 3905 tuur.
468 3857 540 3906 miss.
569 3857 597 3906 cf
618 3874 698 3923 supra
716 3858 777 3911 adn.
796 3858 838 3918 78,
856 3863 882 3908 et
900 3860 1003 3908 constit.
1039 3860 1175 3910 Benedicti
1193 3859 1244 3908 XII
1270 3859 1303 3909 de
1323 3859 1414 3909 ordine
1431 3875 1520 3909 mouu-

391 3941 500 3990 chorum
518 3942 657 4008 Nigrorum
676 3943 772 3992 editum
791 3943 823 3994 cf.
842 3943 982 3994 wilkins
1001 3943 1028 3994 11
1045 3961 1070 4009 p.
1088 3939 1147 3995 (tot.

452 4036 499 4100 96)
517 4043 556 4093 Cf.
576 4045 676 4108 exempl
695 4061 733 4109 gr.
752 4045 899 4098 Chronic.
918 4048 989 4098 abb.
1008 4048 1046 4097 de
1064 4047 1179 4098 Evesh.
1198 4061 1223 4112 p.
1238 4044 1302 4098 tut:
1319 4047 1356 4096 oa
1374 4045 1480 4095 hahebat
1495 4045 1523 4096 τ’τι

381 4127 444 4177 villu
461 4127 492 4176 de
501 4127 671 4182 MeshamH.
684 4129 789 4180 orooro
804 4129 857 4180 iria
872 4137 1013 4182 tercententa
1030 4147 1086 4183 ιιιττι
1103 4131 1259 4196 pertinentiis
1276 4139 1299 4182 et
1316 4130 1420 4196 impieta
1433 4139 1524 4196 septem

382 4227 457 4260 acras
473 4218 557 4260 terroe
581 4228 637 4262 (τιτι
653 4214 734 4262 tribum
752 4213 819 4263 aeris
831 4215 916 4278 prati,
938 4233 1019 4280 perro
1040 4217 1069 4266 ι’τι
1092 4217 1179 4267 eadem
1205 4217 1267 4265 villa
1289 4213 1414 4280 nequeo
1433 4215 1526 4265 Porten-

384 4310 464 4344 τιττιιττι
481 4302 646 4345 tenementum
663 4304 686 4346 et
703 4313 748 4346 sex
764 4299 887 4364 contaqia.
914 4300 972 4350 Nic.
991 4300 1084 4350 Porter
1099 4301 1151 4350 ττία
1168 4306 1308 4350 dementatio
1325 4314 1381 4348 curn
1396 4299 1525 4363 pertimen-

383 4379 438 4440 otio,
464 4379 558 4430 diuersi
573 4380 620 4430 clii
636 4379 747 4431 Ιιιτττιὶτιιτ
763 4381 851 4448 oiqinti
868 4391 979 4450 quatuor
995 4392 1135 4435 tenemercta
1159 4400 1215 4435 ιτιττι
1233 4383 1354 4450 plur-ibus
1375 4383 1477 4450 octupiis
1502 4391 1525 4433 et

384 4465 524 4531 utrumqne
541 4473 565 4517 et
582 4481 668 4516 corum
680 4466 851 4532 pertinentiis.
877 4469 956 4522 Telis
973 4470 1092 4537 exempla
1108 4471 1238 4536 permults
1253 4471 1411 4536 inpromptu
1429 4468 1523 4520 haheo.

387 4550 427 4602 ci.
444 4551 520 4604 Flete
535 4552 581 4604 lib.
598 4551 637 4604 1v
654 4567 712 4618 cup.
730 4552 779 4606 XV
795 4553 813 4606 i.
830 4553 848 4604 f.
