<?xml version="1.0" encoding="UTF-8"?>
<!DOCTYPE html PUBLIC "-//W3C//DTD XHTML 1.0 Transitional//EN"
    "http://www.w3.org/TR/xhtml1/DTD/xhtml1-transitional.dtd">
<html xmlns="http://www.w3.org/1999/xhtml" xml:lang="en" lang="en">
 <head>
  <title>
</title>
<meta http-equiv="Content-Type" content="text/html;charset=utf-8" />
  <meta name='ocr-system' content='tesseract 3.04.00' />
  <meta name='ocr-capabilities' content='ocr_page ocr_carea ocr_par ocr_line ocrx_word'/>
</head>
<body>
  <div class='ocr_page' id='page_1' title='image "./detransferendaa00wachgoog_0035.png"; bbox 0 0 3644 5268; ppageno 0'>
   <div class='ocr_carea' id='block_1_1' title="bbox 919 619 960 682">
    <p class='ocr_par' dir='ltr' id='par_1_1' title="bbox 919 619 960 682">
     <span class='ocr_line' id='line_1_1' title="bbox 919 619 960 682; baseline 0 0"><span class='ocrx_word' id='word_1_1' title='bbox 919 619 960 682; x_wconf 79' lang='lat'><strong>22</strong></span> 
     </span>
    </p>
   </div>
   <div class='ocr_carea' id='block_1_2' title="bbox 324 765 1520 2578">
    <p class='ocr_par' dir='ltr' id='par_1_2' title="bbox 324 765 1511 958">
     <span class='ocr_line' id='line_1_2' title="bbox 324 765 1511 854; baseline -0.001 -20"><span class='ocrx_word' id='word_1_2' title='bbox 324 819 325 823; x_wconf 65' lang='lat'><strong>,</strong></span> <span class='ocrx_word' id='word_1_3' title='bbox 370 769 461 851; x_wconf 72' lang='lat' dir='ltr'><strong>hatte,</strong></span> <span class='ocrx_word' id='word_1_4' title='bbox 484 769 554 834; x_wconf 81' lang='lat' dir='ltr'><strong>weil</strong></span> <span class='ocrx_word' id='word_1_5' title='bbox 575 767 625 834; x_wconf 79' lang='lat' dir='ltr'><strong>die</strong></span> <span class='ocrx_word' id='word_1_6' title='bbox 647 769 756 834; x_wconf 75' lang='lat' dir='ltr'><strong>beiden</strong></span> <span class='ocrx_word' id='word_1_7' title='bbox 779 769 997 834; x_wconf 70' lang='lat' dir='ltr'><strong>contundentem</strong></span> <span class='ocrx_word' id='word_1_8' title='bbox 1014 769 1070 832; x_wconf 79' lang='lat' dir='ltr'><strong>mit</strong></span> <span class='ocrx_word' id='word_1_9' title='bbox 1089 767 1307 833; x_wconf 67' lang='lat' dir='ltr'><strong>lamdedxuel</strong></span> <span class='ocrx_word' id='word_1_10' title='bbox 1329 765 1386 832; x_wconf 84' lang='lat' dir='ltr'><strong>den</strong></span> <span class='ocrx_word' id='word_1_11' title='bbox 1398 769 1511 854; x_wconf 51' lang='lat' dir='ltr'><strong>strenuae</strong></span> 
     </span>
     <span class='ocr_line' id='line_1_3' title="bbox 370 870 947 958; baseline 0.003 -24"><span class='ocrx_word' id='word_1_12' title='bbox 370 872 493 936; x_wconf 77' lang='lat' dir='ltr'><strong>rt&#39;oelrcu</strong></span> <span class='ocrx_word' id='word_1_13' title='bbox 515 883 640 958; x_wconf 74' lang='lat' dir='ltr'><strong>verta-ay</strong></span> <span class='ocrx_word' id='word_1_14' title='bbox 663 870 947 958; x_wconf 54' lang='lat' dir='ltr'><strong>dekraqfn&#39;ptewq.</strong></span> 
     </span>
    </p>

    <p class='ocr_par' dir='ltr' id='par_1_3' title="bbox 369 971 1520 2578">
     <span class='ocr_line' id='line_1_4' title="bbox 457 971 1512 1054; baseline -0.002 -16"><span class='ocrx_word' id='word_1_15' title='bbox 457 973 547 1050; x_wconf 85' lang='lat' dir='ltr'><strong>Quod</strong></span> <span class='ocrx_word' id='word_1_16' title='bbox 569 974 684 1038; x_wconf 90' lang='lat' dir='ltr'><strong>leviter</strong></span> <span class='ocrx_word' id='word_1_17' title='bbox 707 973 917 1038; x_wconf 79' lang='lat' dir='ltr'>consideranti</span> <span class='ocrx_word' id='word_1_18' title='bbox 939 971 1024 1038; x_wconf 90' lang='lat' dir='ltr'><strong>Ictus</strong></span> <span class='ocrx_word' id='word_1_19' title='bbox 1046 972 1100 1037; x_wconf 91' lang='lat' dir='ltr'><strong>ille</strong></span> <span class='ocrx_word' id='word_1_20' title='bbox 1122 971 1154 1036; x_wconf 90' lang='lat' dir='ltr'><strong>in</strong></span> <span class='ocrx_word' id='word_1_21' title='bbox 1176 991 1211 1038; x_wconf 90' lang='lat' dir='ltr'><strong>re</strong></span> <span class='ocrx_word' id='word_1_22' title='bbox 1234 973 1313 1054; x_wconf 87' lang='lat' dir='ltr'><strong>ipso,</strong></span> <span class='ocrx_word' id='word_1_23' title='bbox 1347 973 1451 1054; x_wconf 88' lang='lat' dir='ltr'><strong>quoad</strong></span> <span class='ocrx_word' id='word_1_24' title='bbox 1472 973 1512 1037; x_wconf 89' lang='lat' dir='ltr'><strong>ad</strong></span> 
     </span>
     <span class='ocr_line' id='line_1_5' title="bbox 372 1073 1512 1156; baseline -0.002 -18"><span class='ocrx_word' id='word_1_25' title='bbox 372 1081 516 1140; x_wconf 88' lang='lat' dir='ltr'><strong>naturam</strong></span> <span class='ocrx_word' id='word_1_26' title='bbox 529 1074 638 1139; x_wconf 88' lang='lat' dir='ltr'><strong>firmae</strong></span> <span class='ocrx_word' id='word_1_27' title='bbox 649 1076 796 1156; x_wconf 77' lang='lat' dir='ltr'><strong>pertinet,</strong></span> <span class='ocrx_word' id='word_1_28' title='bbox 821 1074 982 1138; x_wconf 87' lang='lat' dir='ltr'><strong>nobiseum</strong></span> <span class='ocrx_word' id='word_1_29' title='bbox 1000 1074 1138 1138; x_wconf 91' lang='lat' dir='ltr'><strong>inunum</strong></span> <span class='ocrx_word' id='word_1_30' title='bbox 1151 1075 1315 1139; x_wconf 88' lang='lat' dir='ltr'><strong>convenire</strong></span> <span class='ocrx_word' id='word_1_31' title='bbox 1326 1073 1468 1154; x_wconf 88' lang='lat' dir='ltr'><strong>ideoque,</strong></span> <span class='ocrx_word' id='word_1_32' title='bbox 1486 1075 1512 1136; x_wconf 88' lang='lat' dir='ltr'><strong>si</strong></span> 
     </span>
     <span class='ocr_line' id='line_1_6' title="bbox 370 1175 1514 1257; baseline -0.003 -17"><span class='ocrx_word' id='word_1_33' title='bbox 370 1177 496 1257; x_wconf 89' lang='lat' dir='ltr'><strong>quidem</strong></span> <span class='ocrx_word' id='word_1_34' title='bbox 518 1177 686 1256; x_wconf 84' lang='lat' dir='ltr'><strong>erraverit,</strong></span> <span class='ocrx_word' id='word_1_35' title='bbox 709 1195 771 1241; x_wconf 92' lang='lat' dir='ltr'><strong>nun</strong></span> <span class='ocrx_word' id='word_1_36' title='bbox 794 1176 933 1256; x_wconf 80' lang='lat' dir='ltr'><strong>graviter</strong></span> <span class='ocrx_word' id='word_1_37' title='bbox 954 1175 1079 1239; x_wconf 88' lang='lat' dir='ltr'><strong>videtur</strong></span> <span class='ocrx_word' id='word_1_38' title='bbox 1102 1175 1252 1256; x_wconf 90' lang='lat' dir='ltr'><strong>deceptus</strong></span> <span class='ocrx_word' id='word_1_39' title='bbox 1275 1192 1354 1239; x_wconf 86' lang='lat' dir='ltr'><strong>essa.</strong></span> <span class='ocrx_word' id='word_1_40' title='bbox 1398 1175 1442 1238; x_wconf 88' lang='lat' dir='ltr'><strong>At</strong></span> <span class='ocrx_word' id='word_1_41' title='bbox 1463 1192 1514 1238; x_wconf 87' lang='lat' dir='ltr'><strong>res</strong></span> 
     </span>
     <span class='ocr_line' id='line_1_7' title="bbox 370 1275 1515 1358; baseline -0.003 -17"><span class='ocrx_word' id='word_1_42' title='bbox 370 1278 463 1342; x_wconf 86' lang='lat' dir='ltr'><strong>aliter</strong></span> <span class='ocrx_word' id='word_1_43' title='bbox 496 1295 530 1341; x_wconf 88' lang='lat' dir='ltr'><strong>sc</strong></span> <span class='ocrx_word' id='word_1_44' title='bbox 563 1277 667 1342; x_wconf 86' lang='lat' dir='ltr'><strong>hebet.</strong></span> <span class='ocrx_word' id='word_1_45' title='bbox 712 1277 792 1342; x_wconf 87' lang='lat' dir='ltr'><strong>Nam</strong></span> <span class='ocrx_word' id='word_1_46' title='bbox 821 1295 916 1358; x_wconf 81' lang='lat' dir='ltr'><strong>qurum</strong></span> <span class='ocrx_word' id='word_1_47' title='bbox 946 1277 1000 1340; x_wconf 91' lang='lat' dir='ltr'><strong>illa</strong></span> <span class='ocrx_word' id='word_1_48' title='bbox 1027 1275 1119 1340; x_wconf 89' lang='lat' dir='ltr'><strong>firma</strong></span> <span class='ocrx_word' id='word_1_49' title='bbox 1141 1277 1180 1358; x_wconf 92' lang='lat' dir='ltr'><strong>(s.</strong></span> <span class='ocrx_word' id='word_1_50' title='bbox 1205 1275 1315 1358; x_wconf 90' lang='lat' dir='ltr'><strong>manu)</strong></span> <span class='ocrx_word' id='word_1_51' title='bbox 1338 1293 1433 1356; x_wconf 88' lang='lat' dir='ltr'><strong>quam</strong></span> <span class='ocrx_word' id='word_1_52' title='bbox 1462 1276 1515 1340; x_wconf 91' lang='lat' dir='ltr'><strong>ille</strong></span> 
     </span>
     <span class='ocr_line' id='line_1_8' title="bbox 370 1376 1515 1458; baseline -0.001 -18"><span class='ocrx_word' id='word_1_53' title='bbox 370 1378 531 1458; x_wconf 81' lang='lat' dir='ltr'><strong>intellexit,</strong></span> <span class='ocrx_word' id='word_1_54' title='bbox 564 1381 709 1442; x_wconf 88' lang='lat' dir='ltr'><strong>universa</strong></span> <span class='ocrx_word' id='word_1_55' title='bbox 732 1379 796 1442; x_wconf 88' lang='lat' dir='ltr'><strong>alia</strong></span> <span class='ocrx_word' id='word_1_56' title='bbox 819 1378 870 1454; x_wconf 90' lang='lat' dir='ltr'><strong>sit,</strong></span> <span class='ocrx_word' id='word_1_57' title='bbox 903 1383 998 1457; x_wconf 86' lang='lat' dir='ltr'><strong>atquc</strong></span> <span class='ocrx_word' id='word_1_58' title='bbox 1020 1376 1110 1440; x_wconf 86' lang='lat' dir='ltr'><strong>firma</strong></span> <span class='ocrx_word' id='word_1_59' title='bbox 1135 1396 1200 1458; x_wconf 88' lang='lat' dir='ltr'><strong>cap.</strong></span> <span class='ocrx_word' id='word_1_60' title='bbox 1214 1377 1295 1456; x_wconf 85' lang='lat' dir='ltr'><strong>Vll,</strong></span> <span class='ocrx_word' id='word_1_61' title='bbox 1318 1376 1515 1456; x_wconf 88' lang='lat' dir='ltr'><strong>Lippertium</strong></span> 
     </span>
     <span class='ocr_line' id='line_1_9' title="bbox 370 1476 1517 1559; baseline -0.002 -17"><span class='ocrx_word' id='word_1_62' title='bbox 370 1497 408 1542; x_wconf 88' lang='lat' dir='ltr'><strong>ex</strong></span> <span class='ocrx_word' id='word_1_63' title='bbox 429 1480 536 1559; x_wconf 83' lang='lat' dir='ltr'><strong>pravis</strong></span> <span class='ocrx_word' id='word_1_64' title='bbox 558 1477 720 1558; x_wconf 77' lang='lat' dir='ltr'><strong>principiis</strong></span> <span class='ocrx_word' id='word_1_65' title='bbox 743 1477 934 1542; x_wconf 84' lang='lat' dir='ltr'><strong>exorientem</strong></span> <span class='ocrx_word' id='word_1_66' title='bbox 958 1477 998 1541; x_wconf 88' lang='lat' dir='ltr'><strong>ad</strong></span> <span class='ocrx_word' id='word_1_67' title='bbox 1020 1476 1117 1542; x_wconf 86' lang='lat' dir='ltr'><strong>lalsas</strong></span> <span class='ocrx_word' id='word_1_68' title='bbox 1139 1477 1313 1542; x_wconf 87' lang='lat' dir='ltr'><strong>sententias</strong></span> <span class='ocrx_word' id='word_1_69' title='bbox 1335 1481 1517 1542; x_wconf 78' lang='lat' dir='ltr'><strong>constanter</strong></span> 
     </span>
     <span class='ocr_line' id='line_1_10' title="bbox 370 1578 1515 1661; baseline -0.002 -17"><span class='ocrx_word' id='word_1_70' title='bbox 370 1585 551 1645; x_wconf 89' lang='lat' dir='ltr'><strong>revocatum</strong></span> <span class='ocrx_word' id='word_1_71' title='bbox 574 1596 644 1644; x_wconf 86' lang='lat' dir='ltr'><strong>esse</strong></span> <span class='ocrx_word' id='word_1_72' title='bbox 667 1597 796 1644; x_wconf 86' lang='lat' dir='ltr'><strong>neeesse</strong></span> <span class='ocrx_word' id='word_1_73' title='bbox 818 1579 944 1660; x_wconf 84' lang='lat' dir='ltr'><strong>crot⁸³).</strong></span> <span class='ocrx_word' id='word_1_74' title='bbox 1000 1578 1112 1660; x_wconf 86' lang='lat' dir='ltr'><strong>Neque</strong></span> <span class='ocrx_word' id='word_1_75' title='bbox 1139 1597 1327 1661; x_wconf 88' lang='lat' dir='ltr'><strong>quemquam</strong></span> <span class='ocrx_word' id='word_1_76' title='bbox 1355 1597 1394 1644; x_wconf 86' lang='lat' dir='ltr'><strong>ex</strong></span> <span class='ocrx_word' id='word_1_77' title='bbox 1421 1579 1515 1644; x_wconf 89' lang='lat' dir='ltr'><strong>rebus</strong></span> 
     </span>
     <span class='ocr_line' id='line_1_11' title="bbox 371 1680 1510 1762; baseline -0.001 -16"><span class='ocrx_word' id='word_1_78' title='bbox 371 1682 463 1746; x_wconf 92' lang='lat' dir='ltr'><strong>modo</strong></span> <span class='ocrx_word' id='word_1_79' title='bbox 497 1681 601 1745; x_wconf 86' lang='lat' dir='ltr'><strong>allatis</strong></span> <span class='ocrx_word' id='word_1_80' title='bbox 635 1680 744 1762; x_wconf 82' lang='lat' dir='ltr'><strong>lugere</strong></span> <span class='ocrx_word' id='word_1_81' title='bbox 779 1685 899 1761; x_wconf 87' lang='lat' dir='ltr'><strong>potest,</strong></span> <span class='ocrx_word' id='word_1_82' title='bbox 932 1680 1019 1744; x_wconf 87' lang='lat' dir='ltr'><strong>illam</strong></span> <span class='ocrx_word' id='word_1_83' title='bbox 1052 1681 1343 1762; x_wconf 80' lang='lat' dir='ltr'><strong>interpretationem</strong></span> <span class='ocrx_word' id='word_1_84' title='bbox 1371 1680 1510 1746; x_wconf 83' lang='lat' dir='ltr'><strong>lontibus</strong></span> 
     </span>
     <span class='ocr_line' id='line_1_12' title="bbox 373 1780 1514 1864; baseline 0.001 -19"><span class='ocrx_word' id='word_1_85' title='bbox 373 1782 512 1862; x_wconf 81' lang='lat' dir='ltr'><strong>Anglicis</strong></span> <span class='ocrx_word' id='word_1_86' title='bbox 533 1799 664 1862; x_wconf 92' lang='lat' dir='ltr'><strong>prorsus</strong></span> <span class='ocrx_word' id='word_1_87' title='bbox 687 1781 859 1844; x_wconf 90' lang='lat' dir='ltr'><strong>adversari.</strong></span> <span class='ocrx_word' id='word_1_88' title='bbox 915 1780 1054 1860; x_wconf 82' lang='lat' dir='ltr'><strong>Accedit,</strong></span> <span class='ocrx_word' id='word_1_89' title='bbox 1077 1783 1161 1864; x_wconf 92' lang='lat' dir='ltr'><strong>quod</strong></span> <span class='ocrx_word' id='word_1_90' title='bbox 1183 1783 1306 1846; x_wconf 91' lang='lat' dir='ltr'><strong>omnino</strong></span> <span class='ocrx_word' id='word_1_91' title='bbox 1327 1782 1382 1846; x_wconf 86' lang='lat' dir='ltr'><strong>illu</strong></span> <span class='ocrx_word' id='word_1_92' title='bbox 1404 1801 1514 1846; x_wconf 89' lang='lat' dir='ltr'><strong>manu·</strong></span> 
     </span>
     <span class='ocr_line' id='line_1_13' title="bbox 375 1879 1517 1964; baseline 0.001 -17"><span class='ocrx_word' id='word_1_93' title='bbox 375 1881 466 1948; x_wconf 86' lang='lat' dir='ltr'><strong>firma</strong></span> <span class='ocrx_word' id='word_1_94' title='bbox 488 1883 520 1947; x_wconf 91' lang='lat' dir='ltr'><strong>in</strong></span> <span class='ocrx_word' id='word_1_95' title='bbox 542 1881 681 1947; x_wconf 86' lang='lat' dir='ltr'><strong>lontibus</strong></span> <span class='ocrx_word' id='word_1_96' title='bbox 703 1883 843 1964; x_wconf 82' lang='lat' dir='ltr'><strong>Anglicis</strong></span> <span class='ocrx_word' id='word_1_97' title='bbox 865 1879 991 1946; x_wconf 91' lang='lat' dir='ltr'><strong>illorum</strong></span> <span class='ocrx_word' id='word_1_98' title='bbox 1014 1887 1191 1963; x_wconf 89' lang='lat' dir='ltr'><strong>temporum</strong></span> <span class='ocrx_word' id='word_1_99' title='bbox 1204 1883 1297 1963; x_wconf 88' lang='lat' dir='ltr'><strong>plane</strong></span> <span class='ocrx_word' id='word_1_100' title='bbox 1319 1883 1517 1948; x_wconf 88' lang='lat' dir='ltr'><strong>desideratur</strong></span> 
     </span>
     <span class='ocr_line' id='line_1_14' title="bbox 372 1984 1520 2068; baseline 0.002 -19"><span class='ocrx_word' id='word_1_101' title='bbox 372 1985 422 2050; x_wconf 91' lang='lat' dir='ltr'><strong>vel</strong></span> <span class='ocrx_word' id='word_1_102' title='bbox 445 1985 472 2050; x_wconf 93' lang='lat' dir='ltr'><strong>si</strong></span> <span class='ocrx_word' id='word_1_103' title='bbox 494 1986 680 2066; x_wconf 88' lang='lat' dir='ltr'><strong>inveniatur,</strong></span> <span class='ocrx_word' id='word_1_104' title='bbox 714 1985 839 2050; x_wconf 86' lang='lat' dir='ltr'><strong>diverso</strong></span> <span class='ocrx_word' id='word_1_105' title='bbox 866 2002 961 2048; x_wconf 89' lang='lat' dir='ltr'><strong>sensu</strong></span> <span class='ocrx_word' id='word_1_106' title='bbox 990 1984 1130 2048; x_wconf 85' lang='lat' dir='ltr'><strong>adhibita</strong></span> <span class='ocrx_word' id='word_1_107' title='bbox 1152 1990 1210 2050; x_wconf 86' lang='lat' dir='ltr'><strong>cst</strong></span> <span class='ocrx_word' id='word_1_108' title='bbox 1255 1985 1316 2050; x_wconf 89' lang='lat' dir='ltr'><strong>Via</strong></span> <span class='ocrx_word' id='word_1_109' title='bbox 1344 2004 1433 2066; x_wconf 86' lang='lat' dir='ltr'><strong>vcro,</strong></span> <span class='ocrx_word' id='word_1_110' title='bbox 1457 2005 1520 2068; x_wconf 87' lang='lat' dir='ltr'><strong>qua</strong></span> 
     </span>
     <span class='ocr_line' id='line_1_15' title="bbox 369 2086 1515 2168; baseline 0.001 -17"><span class='ocrx_word' id='word_1_111' title='bbox 369 2087 605 2168; x_wconf 87' lang='lat' dir='ltr'><strong>Lippertiusad</strong></span> <span class='ocrx_word' id='word_1_112' title='bbox 627 2086 844 2168; x_wconf 87' lang='lat' dir='ltr'><strong>illapervcnit,</strong></span> <span class='ocrx_word' id='word_1_113' title='bbox 867 2087 945 2151; x_wconf 89' lang='lat' dir='ltr'><strong>haec</strong></span> <span class='ocrx_word' id='word_1_114' title='bbox 967 2091 1051 2151; x_wconf 90' lang='lat' dir='ltr'><strong>erat:</strong></span> <span class='ocrx_word' id='word_1_115' title='bbox 1074 2091 1143 2150; x_wconf 87' lang='lat' dir='ltr'><strong>tota</strong></span> <span class='ocrx_word' id='word_1_116' title='bbox 1164 2087 1369 2168; x_wconf 89' lang='lat' dir='ltr'><strong>percensendi</strong></span> <span class='ocrx_word' id='word_1_117' title='bbox 1392 2088 1515 2153; x_wconf 89' lang='lat' dir='ltr'><strong>ratione</strong></span> 
     </span>
     <span class='ocr_line' id='line_1_16' title="bbox 374 2187 1518 2272; baseline 0 -18"><span class='ocrx_word' id='word_1_118' title='bbox 374 2189 532 2270; x_wconf 86' lang='lat' dir='ltr'><strong>neglecta,</strong></span> <span class='ocrx_word' id='word_1_119' title='bbox 562 2189 747 2254; x_wconf 85' lang='lat' dir='ltr'><strong>documenta</strong></span> <span class='ocrx_word' id='word_1_120' title='bbox 774 2207 795 2252; x_wconf 85' lang='lat' dir='ltr'><strong>a</strong></span> <span class='ocrx_word' id='word_1_121' title='bbox 821 2189 873 2254; x_wconf 89' lang='lat' dir='ltr'><strong>Du</strong></span> <span class='ocrx_word' id='word_1_122' title='bbox 896 2188 993 2270; x_wconf 76' lang='lat' dir='ltr'><strong>(lang.</strong></span> <span class='ocrx_word' id='word_1_123' title='bbox 1017 2189 1058 2254; x_wconf 85' lang='lat' dir='ltr'><strong>ad</strong></span> <span class='ocrx_word' id='word_1_124' title='bbox 1085 2205 1150 2252; x_wconf 83' lang='lat' dir='ltr'><strong>voc</strong></span> <span class='ocrx_word' id='word_1_125' title='bbox 1178 2187 1382 2272; x_wconf 74' lang='lat' dir='ltr'><strong>monrplrmae</strong></span> <span class='ocrx_word' id='word_1_126' title='bbox 1409 2189 1518 2267; x_wconf 85' lang='lat' dir='ltr'><strong>allata,</strong></span> 
     </span>
     <span class='ocr_line' id='line_1_17' title="bbox 374 2289 1516 2374; baseline 0 -18"><span class='ocrx_word' id='word_1_127' title='bbox 374 2290 567 2357; x_wconf 89' lang='lat' dir='ltr'><strong>confidenter</strong></span> <span class='ocrx_word' id='word_1_128' title='bbox 588 2292 762 2374; x_wconf 87' lang='lat' dir='ltr'><strong>usurpavit.</strong></span> <span class='ocrx_word' id='word_1_129' title='bbox 806 2291 844 2356; x_wconf 92' lang='lat' dir='ltr'><strong>ln</strong></span> <span class='ocrx_word' id='word_1_130' title='bbox 865 2309 927 2372; x_wconf 93' lang='lat' dir='ltr'><strong>quo</strong></span> <span class='ocrx_word' id='word_1_131' title='bbox 949 2308 1012 2355; x_wconf 92' lang='lat' dir='ltr'><strong>non</strong></span> <span class='ocrx_word' id='word_1_132' title='bbox 1033 2289 1125 2355; x_wconf 93' lang='lat' dir='ltr'><strong>modo</strong></span> <span class='ocrx_word' id='word_1_133' title='bbox 1147 2289 1217 2371; x_wconf 87' lang='lat' dir='ltr'><strong>illo,</strong></span> <span class='ocrx_word' id='word_1_134' title='bbox 1246 2308 1328 2371; x_wconf 87' lang='lat' dir='ltr'><strong>quac</strong></span> <span class='ocrx_word' id='word_1_135' title='bbox 1349 2291 1390 2356; x_wconf 89' lang='lat' dir='ltr'><strong>ab</strong></span> <span class='ocrx_word' id='word_1_136' title='bbox 1413 2309 1452 2356; x_wconf 92' lang='lat' dir='ltr'><strong>co</strong></span> <span class='ocrx_word' id='word_1_137' title='bbox 1473 2290 1516 2356; x_wconf 89' lang='lat' dir='ltr'><strong>ad</strong></span> 
     </span>
     <span class='ocr_line' id='line_1_18' title="bbox 374 2391 1516 2475; baseline -0.001 -16"><span class='ocrx_word' id='word_1_138' title='bbox 374 2394 498 2459; x_wconf 87' lang='lat' dir='ltr'><strong>firmum</strong></span> <span class='ocrx_word' id='word_1_139' title='bbox 525 2411 633 2459; x_wconf 90' lang='lat' dir='ltr'><strong>vocem</strong></span> <span class='ocrx_word' id='word_1_140' title='bbox 662 2393 892 2475; x_wconf 83' lang='lat' dir='ltr'><strong>explanandam</strong></span> <span class='ocrx_word' id='word_1_141' title='bbox 914 2391 1101 2473; x_wconf 88' lang='lat' dir='ltr'><strong>afferuntur,</strong></span> <span class='ocrx_word' id='word_1_142' title='bbox 1130 2413 1202 2458; x_wconf 91' lang='lat' dir='ltr'><strong>eum</strong></span> <span class='ocrx_word' id='word_1_143' title='bbox 1229 2395 1356 2475; x_wconf 89' lang='lat' dir='ltr'><strong>penitus</strong></span> <span class='ocrx_word' id='word_1_144' title='bbox 1382 2393 1516 2475; x_wconf 80' lang='lat' dir='ltr'><strong>lugiunt,</strong></span> 
     </span>
     <span class='ocr_line' id='line_1_19' title="bbox 372 2495 1515 2578; baseline -0.002 -16"><span class='ocrx_word' id='word_1_145' title='bbox 372 2516 481 2562; x_wconf 89' lang='lat' dir='ltr'><strong>verum</strong></span> <span class='ocrx_word' id='word_1_146' title='bbox 503 2495 553 2561; x_wconf 85' lang='lat' dir='ltr'><strong>vel</strong></span> <span class='ocrx_word' id='word_1_147' title='bbox 575 2497 635 2561; x_wconf 89' lang='lat' dir='ltr'><strong>hoc</strong></span> <span class='ocrx_word' id='word_1_148' title='bbox 657 2513 729 2560; x_wconf 90' lang='lat' dir='ltr'><strong>eum</strong></span> <span class='ocrx_word' id='word_1_149' title='bbox 750 2495 846 2577; x_wconf 79' lang='lat' dir='ltr'><strong>fugit,</strong></span> <span class='ocrx_word' id='word_1_150' title='bbox 880 2495 1066 2577; x_wconf 90' lang='lat' dir='ltr'><strong>diplomata,</strong></span> <span class='ocrx_word' id='word_1_151' title='bbox 1095 2515 1177 2578; x_wconf 87' lang='lat' dir='ltr'><strong>quac</strong></span> <span class='ocrx_word' id='word_1_152' title='bbox 1197 2496 1383 2578; x_wconf 84' lang='lat' dir='ltr'><strong>gravissima</strong></span> <span class='ocrx_word' id='word_1_153' title='bbox 1405 2495 1515 2560; x_wconf 87' lang='lat' dir='ltr'><strong>laudat</strong></span> 
     </span>
    </p>
   </div>
   <div class='ocr_carea' id='block_1_3' title="bbox 278 2597 1516 2684">
    <p class='ocr_par' dir='ltr' id='par_1_4' title="bbox 278 2597 1516 2684">
     <span class='ocr_line' id='line_1_20' title="bbox 278 2597 1516 2684; baseline -0.004 -18"><span class='ocrx_word' id='word_1_154' title='bbox 278 2615 280 2621; x_wconf 81' lang='grc'>’</span> <span class='ocrx_word' id='word_1_155' title='bbox 376 2604 570 2682; x_wconf 83' lang='lat' dir='ltr'><strong>argumenta,</strong></span> <span class='ocrx_word' id='word_1_156' title='bbox 593 2599 713 2684; x_wconf 85' lang='lat' dir='ltr'><strong>origine</strong></span> <span class='ocrx_word' id='word_1_157' title='bbox 735 2616 806 2662; x_wconf 89' lang='lat' dir='ltr'><strong>esse</strong></span> <span class='ocrx_word' id='word_1_158' title='bbox 819 2597 948 2663; x_wconf 86' lang='lat' dir='ltr'><strong>Gallica.</strong></span> <span class='ocrx_word' id='word_1_159' title='bbox 971 2599 1051 2663; x_wconf 84' lang='lat' dir='ltr'><strong>Tota</strong></span> <span class='ocrx_word' id='word_1_160' title='bbox 1067 2598 1166 2680; x_wconf 85' lang='lat' dir='ltr'><strong>igitur</strong></span> <span class='ocrx_word' id='word_1_161' title='bbox 1186 2599 1254 2664; x_wconf 89' lang='lat' dir='ltr'><strong>eius</strong></span> <span class='ocrx_word' id='word_1_162' title='bbox 1277 2597 1516 2679; x_wconf 83' lang='lat' dir='ltr'><strong>argumentatio,</strong></span> 
     </span>
    </p>
   </div>
   <div class='ocr_carea' id='block_1_4' title="bbox 373 2699 1521 3186">
    <p class='ocr_par' dir='ltr' id='par_1_5' title="bbox 373 2699 1521 3186">
     <span class='ocr_line' id='line_1_21' title="bbox 374 2699 1516 2780; baseline -0.002 -14"><span class='ocrx_word' id='word_1_163' title='bbox 374 2708 411 2766; x_wconf 92' lang='lat' dir='ltr'><strong>ut</strong></span> <span class='ocrx_word' id='word_1_164' title='bbox 445 2701 527 2766; x_wconf 87' lang='lat' dir='ltr'><strong>infra</strong></span> <span class='ocrx_word' id='word_1_165' title='bbox 549 2700 727 2766; x_wconf 81' lang='lat' dir='ltr'><strong>accuratius</strong></span> <span class='ocrx_word' id='word_1_166' title='bbox 749 2701 939 2779; x_wconf 86' lang='lat' dir='ltr'><strong>videbimus,</strong></span> <span class='ocrx_word' id='word_1_167' title='bbox 974 2701 1014 2764; x_wconf 87' lang='lat' dir='ltr'><strong>ad</strong></span> <span class='ocrx_word' id='word_1_168' title='bbox 1042 2700 1257 2764; x_wconf 89' lang='lat' dir='ltr'><strong>incredibilem</strong></span> <span class='ocrx_word' id='word_1_169' title='bbox 1279 2699 1437 2764; x_wconf 83' lang='lat' dir='ltr'><strong>divinandi</strong></span> <span class='ocrx_word' id='word_1_170' title='bbox 1458 2718 1516 2780; x_wconf 93' lang='lat' dir='ltr'><strong>po·</strong></span> 
     </span>
     <span class='ocr_line' id='line_1_22' title="bbox 373 2798 1517 2882; baseline -0.003 -15"><span class='ocrx_word' id='word_1_171' title='bbox 373 2807 533 2882; x_wconf 89' lang='lat' dir='ltr'><strong>testatem,</strong></span> <span class='ocrx_word' id='word_1_172' title='bbox 557 2820 619 2882; x_wconf 87' lang='lat' dir='ltr'><strong>qua</strong></span> <span class='ocrx_word' id='word_1_173' title='bbox 642 2799 860 2866; x_wconf 87' lang='lat' dir='ltr'><strong>manufirmam</strong></span> <span class='ocrx_word' id='word_1_174' title='bbox 882 2798 1066 2880; x_wconf 86' lang='lat' dir='ltr'><strong>firmamque</strong></span> <span class='ocrx_word' id='word_1_175' title='bbox 1084 2801 1195 2865; x_wconf 87' lang='lat' dir='ltr'><strong>eedem</strong></span> <span class='ocrx_word' id='word_1_176' title='bbox 1217 2818 1287 2865; x_wconf 89' lang='lat' dir='ltr'><strong>esse</strong></span> <span class='ocrx_word' id='word_1_177' title='bbox 1304 2800 1363 2864; x_wconf 90' lang='lat' dir='ltr'><strong>sibi</strong></span> <span class='ocrx_word' id='word_1_178' title='bbox 1386 2799 1517 2880; x_wconf 88' lang='lat' dir='ltr'><strong>effinxit,</strong></span> 
     </span>
     <span class='ocr_line' id='line_1_23' title="bbox 373 2900 1517 2982; baseline -0.002 -14"><span class='ocrx_word' id='word_1_179' title='bbox 373 2903 538 2968; x_wconf 78' lang='lat' dir='ltr'><strong>referenda</strong></span> <span class='ocrx_word' id='word_1_180' title='bbox 561 2905 668 2979; x_wconf 74' lang='lat' dir='ltr'><strong>est⁸²t</strong></span> <span class='ocrx_word' id='word_1_181' title='bbox 706 2903 832 2966; x_wconf 90' lang='lat' dir='ltr'><strong>Etenim</strong></span> <span class='ocrx_word' id='word_1_182' title='bbox 855 2919 1046 2982; x_wconf 86' lang='lat' dir='ltr'><strong>quamquem</strong></span> <span class='ocrx_word' id='word_1_183' title='bbox 1062 2921 1125 2966; x_wconf 89' lang='lat' dir='ltr'><strong>non</strong></span> <span class='ocrx_word' id='word_1_184' title='bbox 1148 2903 1264 2982; x_wconf 84' lang='lat' dir='ltr'><strong>ignoro,</strong></span> <span class='ocrx_word' id='word_1_185' title='bbox 1287 2900 1408 2966; x_wconf 83' lang='lat' dir='ltr'><strong>firmam</strong></span> <span class='ocrx_word' id='word_1_186' title='bbox 1429 2903 1517 2966; x_wconf 88' lang='lat' dir='ltr'><strong>illam</strong></span> 
     </span>
     <span class='ocr_line' id='line_1_24' title="bbox 374 3003 1520 3086; baseline -0.003 -16"><span class='ocrx_word' id='word_1_187' title='bbox 374 3007 407 3070; x_wconf 93' lang='lat' dir='ltr'><strong>in</strong></span> <span class='ocrx_word' id='word_1_188' title='bbox 431 3005 562 3070; x_wconf 86' lang='lat' dir='ltr'><strong>Gallicis</strong></span> <span class='ocrx_word' id='word_1_189' title='bbox 596 3005 776 3086; x_wconf 87' lang='lat' dir='ltr'><strong>diplomatis</strong></span> <span class='ocrx_word' id='word_1_190' title='bbox 810 3009 843 3067; x_wconf 90' lang='lat' dir='ltr'><strong>et</strong></span> <span class='ocrx_word' id='word_1_191' title='bbox 874 3003 997 3084; x_wconf 83' lang='lat' dir='ltr'><strong>legibus</strong></span> <span class='ocrx_word' id='word_1_192' title='bbox 1025 3021 1106 3068; x_wconf 89' lang='lat' dir='ltr'><strong>saec.</strong></span> <span class='ocrx_word' id='word_1_193' title='bbox 1128 3003 1200 3068; x_wconf 90' lang='lat' dir='ltr'><strong>XII.</strong></span> <span class='ocrx_word' id='word_1_194' title='bbox 1225 3009 1259 3068; x_wconf 90' lang='lat' dir='ltr'><strong>et</strong></span> <span class='ocrx_word' id='word_1_195' title='bbox 1279 3003 1365 3068; x_wconf 90' lang='lat' dir='ltr'><strong>lllll.</strong></span> <span class='ocrx_word' id='word_1_196' title='bbox 1394 3004 1520 3084; x_wconf 89' lang='lat' dir='ltr'><strong>scriptis</strong></span> 
     </span>
     <span class='ocr_line' id='line_1_25' title="bbox 379 3101 1521 3186; baseline -0.004 -14"><span class='ocrx_word' id='word_1_197' title='bbox 379 3124 475 3172; x_wconf 87' lang='lat' dir='ltr'><strong>sensu</strong></span> <span class='ocrx_word' id='word_1_198' title='bbox 496 3107 581 3170; x_wconf 86' lang='lat' dir='ltr'><strong>haud</strong></span> <span class='ocrx_word' id='word_1_199' title='bbox 593 3105 738 3171; x_wconf 90' lang='lat' dir='ltr'><strong>dissimili</strong></span> <span class='ocrx_word' id='word_1_200' title='bbox 748 3123 900 3186; x_wconf 87' lang='lat' dir='ltr'><strong>persaepe</strong></span> <span class='ocrx_word' id='word_1_201' title='bbox 917 3107 1064 3185; x_wconf 87' lang='lat' dir='ltr'><strong>usurpari</strong></span> <span class='ocrx_word' id='word_1_202' title='bbox 1073 3105 1123 3184; x_wconf 79' lang='lat'><strong>⁸⁶),</strong></span> <span class='ocrx_word' id='word_1_203' title='bbox 1145 3109 1338 3170; x_wconf 84' lang='lat' dir='ltr'><strong>tamencum</strong></span> <span class='ocrx_word' id='word_1_204' title='bbox 1357 3101 1395 3168; x_wconf 87' lang='lat' dir='ltr'><strong>ax</strong></span> <span class='ocrx_word' id='word_1_205' title='bbox 1408 3104 1521 3184; x_wconf 82' lang='lat' dir='ltr'><strong>Anglia</strong></span> 
     </span>
    </p>
   </div>
   <div class='ocr_carea' id='block_1_5' title="bbox 378 3273 1581 4620">
    <p class='ocr_par' dir='ltr' id='par_1_6' title="bbox 378 3273 1521 3595">
     <span class='ocr_line' id='line_1_26' title="bbox 450 3273 1520 3342; baseline -0.004 -14"><span class='ocrx_word' id='word_1_206' title='bbox 450 3275 495 3342; x_wconf 74' lang='grc'><strong>86)</strong></span> <span class='ocrx_word' id='word_1_207' title='bbox 513 3275 671 3328; x_wconf 78' lang='lat' dir='ltr'><strong>Inndn.‘251</strong></span> <span class='ocrx_word' id='word_1_208' title='bbox 684 3275 768 3326; x_wconf 84' lang='lat' dir='ltr'><strong>addit:</strong></span> <span class='ocrx_word' id='word_1_209' title='bbox 787 3273 901 3339; x_wconf 62' lang='lat' dir='ltr'><strong>oeiqxiete</strong></span> <span class='ocrx_word' id='word_1_210' title='bbox 919 3291 967 3324; x_wconf 81' lang='lat' dir='ltr'><strong>auu</strong></span> <span class='ocrx_word' id='word_1_211' title='bbox 985 3275 1242 3326; x_wconf 72' lang='lat' dir='ltr'><strong>archivorurlunden</strong></span> <span class='ocrx_word' id='word_1_212' title='bbox 1259 3283 1416 3326; x_wconf 79' lang='lat' dir='ltr'><strong>entouommeu</strong></span> <span class='ocrx_word' id='word_1_213' title='bbox 1427 3275 1520 3342; x_wconf 67' lang='lat' dir='ltr'><strong>fluebat</strong></span> 
     </span>
     <span class='ocr_line' id='line_1_27' title="bbox 378 3349 1521 3428; baseline -0.003 -14"><span class='ocrx_word' id='word_1_214' title='bbox 378 3365 424 3414; x_wconf 81' lang='lat' dir='ltr'><strong>.ch</strong></span> <span class='ocrx_word' id='word_1_215' title='bbox 443 3363 541 3414; x_wconf 81' lang='lat' dir='ltr'><strong>Freane</strong></span> <span class='ocrx_word' id='word_1_216' title='bbox 559 3363 577 3412; x_wconf 83' lang='lat' dir='ltr'><strong>l.</strong></span> <span class='ocrx_word' id='word_1_217' title='bbox 595 3379 615 3412; x_wconf 87' lang='lat' dir='ltr'><strong>c.</strong></span> <span class='ocrx_word' id='word_1_218' title='bbox 633 3369 690 3410; x_wconf 78' lang='lat' dir='ltr'><strong>torn.</strong></span> <span class='ocrx_word' id='word_1_219' title='bbox 707 3360 746 3410; x_wconf 92' lang='grc' dir='ltr'><strong>ΙΙ</strong></span> <span class='ocrx_word' id='word_1_220' title='bbox 754 3377 784 3424; x_wconf 82' lang='lat' dir='ltr'><strong>p.</strong></span> <span class='ocrx_word' id='word_1_221' title='bbox 797 3356 849 3410; x_wconf 71' lang='grc'><strong>640</strong></span> <span class='ocrx_word' id='word_1_222' title='bbox 867 3377 910 3410; x_wconf 77' lang='lat' dir='ltr'><strong>ane.</strong></span> <span class='ocrx_word' id='word_1_223' title='bbox 938 3349 1183 3427; x_wconf 41' lang='lat' dir='ltr'><strong>ffie&#39;qewoehnlc&#39;clzc</strong></span> <span class='ocrx_word' id='word_1_224' title='bbox 1196 3362 1295 3428; x_wconf 66' lang='lat' dir='ltr'><strong>jamnel</strong></span> <span class='ocrx_word' id='word_1_225' title='bbox 1312 3362 1376 3412; x_wconf 77' lang='lat' dir='ltr'><strong>deinc</strong></span> <span class='ocrx_word' id='word_1_226' title='bbox 1393 3362 1521 3413; x_wconf 77' lang='lat' dir='ltr'><strong>abachlues</strong></span> 
     </span>
     <span class='ocr_line' id='line_1_28' title="bbox 379 3443 1520 3513; baseline -0.002 -15"><span class='ocrx_word' id='word_1_227' title='bbox 379 3449 422 3498; x_wconf 80' lang='lat' dir='ltr'><strong>des</strong></span> <span class='ocrx_word' id='word_1_228' title='bbox 439 3455 568 3513; x_wconf 78' lang='lat' dir='ltr'><strong>vertraqes</strong></span> <span class='ocrx_word' id='word_1_229' title='bbox 584 3462 651 3495; x_wconf 75' lang='lat' dir='ltr'><strong>acar:</strong></span> <span class='ocrx_word' id='word_1_230' title='bbox 676 3451 760 3493; x_wconf 68' lang='lat' dir='ltr'><strong>aedon</strong></span> <span class='ocrx_word' id='word_1_231' title='bbox 777 3443 922 3493; x_wconf 76' lang='lat' dir='ltr'><strong>huiusmodi</strong></span> <span class='ocrx_word' id='word_1_232' title='bbox 943 3445 1099 3509; x_wconf 75' lang='lat' dir='ltr'><strong>manufirma</strong></span> <span class='ocrx_word' id='word_1_233' title='bbox 1120 3446 1216 3496; x_wconf 77' lang='lat' dir='ltr'><strong>stabilis</strong></span> <span class='ocrx_word' id='word_1_234' title='bbox 1241 3447 1270 3496; x_wconf 80' lang='lat' dir='ltr'><strong>in</strong></span> <span class='ocrx_word' id='word_1_235' title='bbox 1294 3446 1442 3496; x_wconf 65' lang='lat' dir='ltr'><strong>{mamaeam</strong></span> <span class='ocrx_word' id='word_1_236' title='bbox 1460 3463 1520 3512; x_wconf 85' lang='lat' dir='ltr'><strong>per·</strong></span> 
     </span>
     <span class='ocr_line' id='line_1_29' title="bbox 379 3527 1008 3595; baseline -0.003 -13"><span class='ocrx_word' id='word_1_237' title='bbox 379 3539 482 3583; x_wconf 82' lang='lat' dir='ltr'><strong>maneat</strong></span> <span class='ocrx_word' id='word_1_238' title='bbox 499 3547 579 3582; x_wconf 76' lang='lat' dir='ltr'><strong>uranu</strong></span> <span class='ocrx_word' id='word_1_239' title='bbox 591 3528 702 3595; x_wconf 75' lang='lat' dir='ltr'><strong>propria</strong></span> <span class='ocrx_word' id='word_1_240' title='bbox 710 3527 879 3593; x_wconf 76' lang='lat' dir='ltr'><strong>flmouimus.</strong></span> <span class='ocrx_word' id='word_1_241' title='bbox 904 3528 1008 3580; x_wconf 80' lang='lat' dir='ltr'><strong>Sicine?</strong></span> 
     </span>
    </p>

    <p class='ocr_par' dir='ltr' id='par_1_7' title="bbox 449 3613 827 3679">
     <span class='ocr_line' id='line_1_30' title="bbox 449 3613 827 3679; baseline -0.016 -11"><span class='ocrx_word' id='word_1_242' title='bbox 449 3614 494 3677; x_wconf 94' lang='grc'><strong>83)</strong></span> <span class='ocrx_word' id='word_1_243' title='bbox 514 3616 554 3669; x_wconf 80' lang='lat' dir='ltr'><strong>Cf.</strong></span> <span class='ocrx_word' id='word_1_244' title='bbox 571 3615 639 3664; x_wconf 81' lang='lat' dir='ltr'><strong>infra</strong></span> <span class='ocrx_word' id='word_1_245' title='bbox 657 3630 714 3679; x_wconf 87' lang='lat' dir='ltr'><strong>cup.</strong></span> <span class='ocrx_word' id='word_1_246' title='bbox 732 3614 757 3666; x_wconf 90' lang='lat' dir='ltr'><strong>V</strong></span> <span class='ocrx_word' id='word_1_247' title='bbox 773 3615 791 3668; x_wconf 83' lang='lat' dir='ltr'><strong>i.</strong></span> <span class='ocrx_word' id='word_1_248' title='bbox 809 3613 827 3667; x_wconf 82' lang='lat' dir='ltr'><strong>l.</strong></span> 
     </span>
    </p>

    <p class='ocr_par' dir='ltr' id='par_1_8' title="bbox 383 3699 1523 4194">
     <span class='ocr_line' id='line_1_31' title="bbox 451 3699 1521 3767; baseline -0.003 -12"><span class='ocrx_word' id='word_1_249' title='bbox 451 3701 497 3766; x_wconf 80' lang='grc'><strong>8-1)</strong></span> <span class='ocrx_word' id='word_1_250' title='bbox 515 3703 587 3753; x_wconf 90' lang='lat' dir='ltr'><strong>Usus</strong></span> <span class='ocrx_word' id='word_1_251' title='bbox 605 3716 668 3750; x_wconf 87' lang='lat' dir='ltr'><strong>vero</strong></span> <span class='ocrx_word' id='word_1_252' title='bbox 686 3699 885 3750; x_wconf 82' lang='lat' dir='ltr'><strong>manufirmandi</strong></span> <span class='ocrx_word' id='word_1_253' title='bbox 904 3706 1062 3765; x_wconf 83' lang='lat' dir='ltr'><strong>contractus,</strong></span> <span class='ocrx_word' id='word_1_254' title='bbox 1080 3707 1109 3752; x_wconf 90' lang='lat' dir='ltr'><strong>ut</strong></span> <span class='ocrx_word' id='word_1_255' title='bbox 1126 3702 1168 3752; x_wconf 91' lang='lat' dir='ltr'><strong>Du</strong></span> <span class='ocrx_word' id='word_1_256' title='bbox 1179 3701 1261 3767; x_wconf 76' lang='lat' dir='ltr'><strong>(lang.</strong></span> <span class='ocrx_word' id='word_1_257' title='bbox 1276 3717 1378 3766; x_wconf 89' lang='lat' dir='ltr'><strong>qnoque</strong></span> <span class='ocrx_word' id='word_1_258' title='bbox 1392 3703 1521 3764; x_wconf 89' lang='lat' dir='ltr'><strong>concedit,</strong></span> 
     </span>
     <span class='ocr_line' id='line_1_32' title="bbox 385 3787 1521 3854; baseline 0.001 -16"><span class='ocrx_word' id='word_1_259' title='bbox 385 3789 455 3854; x_wconf 86' lang='lat' dir='ltr'><strong>apud</strong></span> <span class='ocrx_word' id='word_1_260' title='bbox 473 3804 564 3838; x_wconf 82' lang='lat' dir='ltr'><strong>omues</strong></span> <span class='ocrx_word' id='word_1_261' title='bbox 581 3787 636 3836; x_wconf 80' lang='lat' dir='ltr'><strong>fere</strong></span> <span class='ocrx_word' id='word_1_262' title='bbox 653 3787 765 3852; x_wconf 88' lang='lat' dir='ltr'><strong>populos</strong></span> <span class='ocrx_word' id='word_1_263' title='bbox 783 3787 868 3836; x_wconf 87' lang='lat' dir='ltr'><strong>medio</strong></span> <span class='ocrx_word' id='word_1_264' title='bbox 886 3802 952 3836; x_wconf 86' lang='lat' dir='ltr'><strong>aevo</strong></span> <span class='ocrx_word' id='word_1_265' title='bbox 971 3787 1049 3837; x_wconf 85' lang='lat' dir='ltr'><strong>valde</strong></span> <span class='ocrx_word' id='word_1_266' title='bbox 1066 3787 1182 3852; x_wconf 78' lang='lat' dir='ltr'><strong>vulgaris</strong></span> <span class='ocrx_word' id='word_1_267' title='bbox 1200 3795 1248 3849; x_wconf 88' lang='lat' dir='ltr'><strong>est,</strong></span> <span class='ocrx_word' id='word_1_268' title='bbox 1265 3789 1304 3836; x_wconf 90' lang='lat' dir='ltr'><strong>uti</strong></span> <span class='ocrx_word' id='word_1_269' title='bbox 1322 3803 1354 3836; x_wconf 88' lang='lat' dir='ltr'><strong>ex</strong></span> <span class='ocrx_word' id='word_1_270' title='bbox 1363 3803 1521 3854; x_wconf 81' lang='lat' dir='ltr'><strong>unaquaque</strong></span> 
     </span>
     <span class='ocr_line' id='line_1_33' title="bbox 383 3872 1521 3938; baseline 0.002 -16"><span class='ocrx_word' id='word_1_271' title='bbox 383 3873 551 3938; x_wconf 87' lang='lat' dir='ltr'><strong>diplomatum</strong></span> <span class='ocrx_word' id='word_1_272' title='bbox 570 3873 724 3922; x_wconf 86' lang='lat' dir='ltr'><strong>collectione</strong></span> <span class='ocrx_word' id='word_1_273' title='bbox 742 3872 806 3922; x_wconf 84' lang='lat' dir='ltr'><strong>satis</strong></span> <span class='ocrx_word' id='word_1_274' title='bbox 823 3875 896 3936; x_wconf 84' lang='lat' dir='ltr'><strong>patet</strong></span> <span class='ocrx_word' id='word_1_275' title='bbox 914 3872 958 3926; x_wconf 80' lang='lat' dir='ltr'><strong>lcf.</strong></span> <span class='ocrx_word' id='word_1_276' title='bbox 976 3873 1050 3922; x_wconf 84' lang='lat' dir='ltr'><strong>verbi</strong></span> <span class='ocrx_word' id='word_1_277' title='bbox 1068 3875 1152 3938; x_wconf 56' lang='lat' dir='ltr'><strong>palia</strong></span> <span class='ocrx_word' id='word_1_278' title='bbox 1170 3873 1341 3924; x_wconf 83' lang='lat' dir='ltr'><strong>Schannut.</strong></span> <span class='ocrx_word' id='word_1_279' title='bbox 1359 3875 1427 3924; x_wconf 85' lang='lat' dir='ltr'><strong>trad.</strong></span> <span class='ocrx_word' id='word_1_280' title='bbox 1444 3875 1521 3924; x_wconf 85' lang='lat' dir='ltr'><strong>Fuld.</strong></span> 
     </span>
     <span class='ocr_line' id='line_1_34' title="bbox 383 3952 1523 4023; baseline 0.004 -17"><span class='ocrx_word' id='word_1_281' title='bbox 383 3957 446 4023; x_wconf 91' lang='lat' dir='ltr'><strong>dipl.</strong></span> <span class='ocrx_word' id='word_1_282' title='bbox 464 3954 511 4022; x_wconf 76' lang='lat'><strong>27,</strong></span> <span class='ocrx_word' id='word_1_283' title='bbox 530 3957 577 4020; x_wconf 91' lang='grc'><strong>45,</strong></span> <span class='ocrx_word' id='word_1_284' title='bbox 595 3953 643 4020; x_wconf 94' lang='grc'><strong>67,</strong></span> <span class='ocrx_word' id='word_1_285' title='bbox 661 3953 708 4021; x_wconf 95' lang='grc'><strong>68,</strong></span> <span class='ocrx_word' id='word_1_286' title='bbox 726 3953 792 4018; x_wconf 73' lang='grc'><strong>607,</strong></span> <span class='ocrx_word' id='word_1_287' title='bbox 810 3952 874 4019; x_wconf 94' lang='grc'><strong>300,</strong></span> <span class='ocrx_word' id='word_1_288' title='bbox 893 3958 958 4022; x_wconf 89' lang='grc'><strong>444,</strong></span> <span class='ocrx_word' id='word_1_289' title='bbox 976 3957 1039 4022; x_wconf 90' lang='grc'><strong>454,</strong></span> <span class='ocrx_word' id='word_1_290' title='bbox 1057 3959 1121 4022; x_wconf 79' lang='grc'><strong>477,</strong></span> <span class='ocrx_word' id='word_1_291' title='bbox 1139 3955 1203 4021; x_wconf 88' lang='grc'><strong>516,</strong></span> <span class='ocrx_word' id='word_1_292' title='bbox 1222 3955 1287 4021; x_wconf 69' lang='grc'><strong>560,</strong></span> <span class='ocrx_word' id='word_1_293' title='bbox 1306 3955 1367 4022; x_wconf 74' lang='grc'><strong>566,</strong></span> <span class='ocrx_word' id='word_1_294' title='bbox 1384 3956 1444 4023; x_wconf 72' lang='grc'><strong>503,</strong></span> <span class='ocrx_word' id='word_1_295' title='bbox 1463 3958 1523 4022; x_wconf 94' lang='grc'><strong>531,</strong></span> 
     </span>
     <span class='ocr_line' id='line_1_35' title="bbox 386 4038 1523 4113; baseline 0.001 -19"><span class='ocrx_word' id='word_1_296' title='bbox 386 4043 452 4113; x_wconf 75' lang='grc'><strong>547,</strong></span> <span class='ocrx_word' id='word_1_297' title='bbox 464 4041 525 4106; x_wconf 88' lang='grc'><strong>551,</strong></span> <span class='ocrx_word' id='word_1_298' title='bbox 543 4039 603 4104; x_wconf 73' lang='grc'><strong>556,</strong></span> <span class='ocrx_word' id='word_1_299' title='bbox 621 4039 681 4106; x_wconf 89' lang='grc'><strong>563,</strong></span> <span class='ocrx_word' id='word_1_300' title='bbox 699 4038 764 4102; x_wconf 91' lang='grc'><strong>576,</strong></span> <span class='ocrx_word' id='word_1_301' title='bbox 783 4039 843 4104; x_wconf 74' lang='lat'><strong>582,</strong></span> <span class='ocrx_word' id='word_1_302' title='bbox 860 4039 931 4106; x_wconf 92' lang='grc'><strong>587).</strong></span> <span class='ocrx_word' id='word_1_303' title='bbox 966 4043 1059 4108; x_wconf 81' lang='lat' dir='ltr'><strong>Itaque</strong></span> <span class='ocrx_word' id='word_1_304' title='bbox 1077 4045 1141 4094; x_wconf 89' lang='lat' dir='ltr'><strong>nihil</strong></span> <span class='ocrx_word' id='word_1_305' title='bbox 1159 4045 1286 4107; x_wconf 85' lang='lat' dir='ltr'><strong>obstaret,</strong></span> <span class='ocrx_word' id='word_1_306' title='bbox 1315 4061 1362 4094; x_wconf 91' lang='lat' dir='ltr'><strong>cur</strong></span> <span class='ocrx_word' id='word_1_307' title='bbox 1379 4044 1454 4096; x_wconf 87' lang='lat' dir='ltr'><strong>firma</strong></span> <span class='ocrx_word' id='word_1_308' title='bbox 1470 4046 1523 4096; x_wconf 84' lang='lat' dir='ltr'><strong>An·</strong></span> 
     </span>
     <span class='ocr_line' id='line_1_36' title="bbox 387 4128 1522 4194; baseline 0.001 -15"><span class='ocrx_word' id='word_1_309' title='bbox 387 4129 456 4194; x_wconf 83' lang='lat' dir='ltr'><strong>glica</strong></span> <span class='ocrx_word' id='word_1_310' title='bbox 475 4131 553 4179; x_wconf 87' lang='lat' dir='ltr'><strong>etiam</strong></span> <span class='ocrx_word' id='word_1_311' title='bbox 572 4145 652 4180; x_wconf 85' lang='lat' dir='ltr'><strong>manu</strong></span> <span class='ocrx_word' id='word_1_312' title='bbox 670 4129 834 4180; x_wconf 85' lang='lat' dir='ltr'><strong>firmaretur..</strong></span> <span class='ocrx_word' id='word_1_313' title='bbox 859 4128 910 4179; x_wconf 87' lang='lat' dir='ltr'><strong>Sed</strong></span> <span class='ocrx_word' id='word_1_314' title='bbox 929 4129 979 4180; x_wconf 85' lang='lat' dir='ltr'><strong>hae</strong></span> <span class='ocrx_word' id='word_1_315' title='bbox 997 4130 1080 4180; x_wconf 83' lang='lat' dir='ltr'><strong>forma</strong></span> <span class='ocrx_word' id='word_1_316' title='bbox 1102 4132 1251 4194; x_wconf 87' lang='lat' dir='ltr'><strong>neutiquam</strong></span> <span class='ocrx_word' id='word_1_317' title='bbox 1271 4129 1426 4180; x_wconf 82' lang='lat' dir='ltr'><strong>manufirma</strong></span> <span class='ocrx_word' id='word_1_318' title='bbox 1443 4130 1522 4181; x_wconf 87' lang='lat' dir='ltr'><strong>lieret.</strong></span> 
     </span>
    </p>

    <p class='ocr_par' dir='ltr' id='par_1_9' title="bbox 385 4211 1581 4620">
     <span class='ocr_line' id='line_1_37' title="bbox 454 4211 1522 4280; baseline 0 -15"><span class='ocrx_word' id='word_1_319' title='bbox 454 4211 499 4276; x_wconf 88' lang='grc'><strong>85)</strong></span> <span class='ocrx_word' id='word_1_320' title='bbox 517 4215 557 4264; x_wconf 81' lang='lat' dir='ltr'><strong>Of.</strong></span> <span class='ocrx_word' id='word_1_321' title='bbox 575 4215 623 4265; x_wconf 86' lang='lat' dir='ltr'><strong>Du</strong></span> <span class='ocrx_word' id='word_1_322' title='bbox 641 4213 739 4278; x_wconf 77' lang='lat' dir='ltr'><strong>Oang.</strong></span> <span class='ocrx_word' id='word_1_323' title='bbox 758 4214 866 4262; x_wconf 82' lang='lat' dir='ltr'><strong>advoc.</strong></span> <span class='ocrx_word' id='word_1_324' title='bbox 883 4213 1056 4278; x_wconf 75' lang='lat' dir='ltr'><strong>praepositus,</strong></span> <span class='ocrx_word' id='word_1_325' title='bbox 1074 4215 1107 4264; x_wconf 88' lang='lat' dir='ltr'><strong>ad</strong></span> <span class='ocrx_word' id='word_1_326' title='bbox 1125 4231 1183 4266; x_wconf 83' lang='lat' dir='ltr'><strong>voc.</strong></span> <span class='ocrx_word' id='word_1_327' title='bbox 1196 4215 1357 4280; x_wconf 63' lang='lat' dir='ltr'><strong>seudlftrma.</strong></span> <span class='ocrx_word' id='word_1_328' title='bbox 1394 4215 1522 4265; x_wconf 81' lang='lat' dir='ltr'><strong>Gallicum</strong></span> 
     </span>
     <span class='ocr_line' id='line_1_38' title="bbox 385 4297 1523 4366; baseline 0 -18"><span class='ocrx_word' id='word_1_329' title='bbox 385 4299 465 4349; x_wconf 77' lang='lat' dir='ltr'><strong>ferme</strong></span> <span class='ocrx_word' id='word_1_330' title='bbox 482 4301 551 4348; x_wconf 88' lang='lat' dir='ltr'><strong>enim</strong></span> <span class='ocrx_word' id='word_1_331' title='bbox 573 4298 641 4348; x_wconf 86' lang='lat' dir='ltr'><strong>idem</strong></span> <span class='ocrx_word' id='word_1_332' title='bbox 664 4304 799 4362; x_wconf 81' lang='lat' dir='ltr'><strong>astatque</strong></span> <span class='ocrx_word' id='word_1_333' title='bbox 821 4298 903 4348; x_wconf 89' lang='lat' dir='ltr'><strong>firma.</strong></span> <span class='ocrx_word' id='word_1_334' title='bbox 930 4298 969 4348; x_wconf 78' lang='lat' dir='ltr'><strong>Ol.</strong></span> <span class='ocrx_word' id='word_1_335' title='bbox 988 4314 1067 4363; x_wconf 89' lang='lat' dir='ltr'><strong>quoq.</strong></span> <span class='ocrx_word' id='word_1_336' title='bbox 1085 4299 1216 4348; x_wconf 82' lang='lat' dir='ltr'><strong>Brittan</strong></span> <span class='ocrx_word' id='word_1_337' title='bbox 1235 4300 1310 4364; x_wconf 82' lang='lat' dir='ltr'><strong>eoap.</strong></span> <span class='ocrx_word' id='word_1_338' title='bbox 1330 4297 1363 4349; x_wconf 83' lang='grc'><strong>6-1</strong></span> <span class='ocrx_word' id='word_1_339' title='bbox 1384 4299 1523 4366; x_wconf 74' lang='lat' dir='ltr'><strong>deformes</strong></span> 
     </span>
     <span class='ocr_line' id='line_1_39' title="bbox 387 4382 1581 4449; baseline 0.003 -17"><span class='ocrx_word' id='word_1_340' title='bbox 387 4399 429 4448; x_wconf 80' lang='lat' dir='ltr'><strong>up.</strong></span> <span class='ocrx_word' id='word_1_341' title='bbox 447 4383 484 4432; x_wconf 90' lang='lat' dir='ltr'><strong>M.</strong></span> <span class='ocrx_word' id='word_1_342' title='bbox 502 4384 632 4434; x_wconf 85' lang='lat' dir='ltr'><strong>Houard</strong></span> <span class='ocrx_word' id='word_1_343' title='bbox 650 4383 739 4434; x_wconf 78' lang='lat' dir='ltr'><strong>truitds</strong></span> <span class='ocrx_word' id='word_1_344' title='bbox 763 4399 808 4434; x_wconf 86' lang='lat' dir='ltr'><strong>eur</strong></span> <span class='ocrx_word' id='word_1_345' title='bbox 830 4383 868 4432; x_wconf 82' lang='lat' dir='ltr'><strong>les</strong></span> <span class='ocrx_word' id='word_1_346' title='bbox 887 4389 1022 4433; x_wconf 85' lang='lat' dir='ltr'><strong>coutumes</strong></span> <span class='ocrx_word' id='word_1_347' title='bbox 1040 4383 1310 4449; x_wconf 74' lang='lat' dir='ltr'><strong>Angla-llormandes.</strong></span> <span class='ocrx_word' id='word_1_348' title='bbox 1338 4384 1430 4434; x_wconf 88' lang='lat' dir='ltr'><strong>Rouen</strong></span> <span class='ocrx_word' id='word_1_349' title='bbox 1448 4382 1523 4436; x_wconf 90' lang='grc'><strong>1776.</strong></span> <span class='ocrx_word' id='word_1_350' title='bbox 1580 4389 1581 4392; x_wconf 76' lang='grc'>’</span> 
     </span>
     <span class='ocr_line' id='line_1_40' title="bbox 388 4464 1525 4536; baseline -0.001 -18"><span class='ocrx_word' id='word_1_351' title='bbox 388 4464 610 4534; x_wconf 75' lang='lat' dir='ltr'><strong>tom.1vp.ttt1.</strong></span> <span class='ocrx_word' id='word_1_352' title='bbox 633 4470 673 4520; x_wconf 83' lang='lat' dir='ltr'><strong>Cf.</strong></span> <span class='ocrx_word' id='word_1_353' title='bbox 691 4485 769 4534; x_wconf 90' lang='lat' dir='ltr'><strong>quoq.</strong></span> <span class='ocrx_word' id='word_1_354' title='bbox 787 4469 849 4532; x_wconf 90' lang='lat' dir='ltr'><strong>dipl.</strong></span> <span class='ocrx_word' id='word_1_355' title='bbox 867 4485 908 4533; x_wconf 80' lang='lat' dir='ltr'><strong>ep.</strong></span> <span class='ocrx_word' id='word_1_356' title='bbox 927 4469 1058 4519; x_wconf 85' lang='lat' dir='ltr'><strong>Thorne</strong></span> <span class='ocrx_word' id='word_1_357' title='bbox 1076 4469 1093 4521; x_wconf 92' lang='lat' dir='ltr'><strong>l.</strong></span> <span class='ocrx_word' id='word_1_358' title='bbox 1112 4484 1135 4521; x_wconf 86' lang='lat' dir='ltr'><strong>c.</strong></span> <span class='ocrx_word' id='word_1_359' title='bbox 1153 4465 1256 4533; x_wconf 76' lang='lat' dir='ltr'><strong>psum</strong></span> <span class='ocrx_word' id='word_1_360' title='bbox 1274 4485 1292 4518; x_wconf 86' lang='lat' dir='ltr'><strong>a</strong></span> <span class='ocrx_word' id='word_1_361' title='bbox 1307 4475 1392 4518; x_wconf 75' lang='lat' dir='ltr'><strong>nostre</strong></span> <span class='ocrx_word' id='word_1_362' title='bbox 1402 4467 1525 4536; x_wconf 75' lang='lat' dir='ltr'><strong>Sciqneur</strong></span> 
     </span>
     <span class='ocr_line' id='line_1_41' title="bbox 389 4550 1404 4620; baseline 0.003 -17"><span class='ocrx_word' id='word_1_363' title='bbox 389 4561 413 4604; x_wconf 81' lang='lat' dir='ltr'><strong>tc</strong></span> <span class='ocrx_word' id='word_1_364' title='bbox 431 4553 481 4604; x_wconf 75' lang='lat' dir='ltr'><strong>Ro·</strong></span> <span class='ocrx_word' id='word_1_365' title='bbox 497 4570 555 4620; x_wconf 87' lang='lat' dir='ltr'><strong>sqq.</strong></span> <span class='ocrx_word' id='word_1_366' title='bbox 574 4561 600 4605; x_wconf 86' lang='lat' dir='ltr'><strong>ct</strong></span> <span class='ocrx_word' id='word_1_367' title='bbox 616 4571 642 4620; x_wconf 88' lang='lat' dir='ltr'><strong>p.</strong></span> <span class='ocrx_word' id='word_1_368' title='bbox 659 4550 728 4606; x_wconf 73' lang='lat'><strong>2077</strong></span> <span class='ocrx_word' id='word_1_369' title='bbox 747 4571 765 4604; x_wconf 85' lang='lat' dir='ltr'><strong>a</strong></span> <span class='ocrx_word' id='word_1_370' title='bbox 781 4561 864 4604; x_wconf 72' lang='lat' dir='ltr'><strong>nostae</strong></span> <span class='ocrx_word' id='word_1_371' title='bbox 884 4553 1007 4620; x_wconf 74' lang='lat' dir='ltr'><strong>Seiqnewr</strong></span> <span class='ocrx_word' id='word_1_372' title='bbox 1016 4554 1048 4619; x_wconf 59' lang='grc' dir='ltr'><em>μ</em></span> <span class='ocrx_word' id='word_1_373' title='bbox 1067 4553 1117 4605; x_wconf 72' lang='grc'><strong>1101</strong></span> <span class='ocrx_word' id='word_1_374' title='bbox 1133 4561 1156 4605; x_wconf 87' lang='lat' dir='ltr'><strong>et</strong></span> <span class='ocrx_word' id='word_1_375' title='bbox 1173 4570 1218 4605; x_wconf 82' lang='lat' dir='ltr'><strong>son</strong></span> <span class='ocrx_word' id='word_1_376' title='bbox 1235 4553 1330 4605; x_wconf 80' lang='lat' dir='ltr'><strong>cmzeoc‘l</strong></span> <span class='ocrx_word' id='word_1_377' title='bbox 1346 4570 1404 4620; x_wconf 84' lang='lat' dir='ltr'><strong>sqq.</strong></span> 
     </span>
    </p>
   </div>
   <div class='ocr_carea' id='block_1_6' title="bbox 0 0 1829 5268">
    <p class='ocr_par' dir='ltr' id='par_1_10' title="bbox 0 0 1829 5268">
     <span class='ocr_line' id='line_1_42' title="bbox 0 0 1829 5268; baseline 0 0"><span class='ocrx_word' id='word_1_378' title='bbox 0 0 1829 5268; x_wconf 95' lang='lat' dir='ltr'><strong> </strong></span> 
     </span>
    </p>
   </div>
  </div>
 </body>
</html>
