3644 5268
871 601 911 664 55

317 749 444 832 firmam
478 771 552 812 noa
583 761 705 814 taurea
738 750 789 814 ad
820 763 962 814 certum
984 763 1139 835 tempas.
1170 786 1211 796 -
1234 751 1362 818 Solebat
1383 754 1466 818 cuim

320 855 357 916 ut
400 851 599 933 potissimum
643 872 681 917 ex
724 852 835 918 Fleta
860 854 887 932 ²)
931 860 965 918 et
1008 851 1128 918 traitd
1171 853 1216 918 de
1259 854 1467 932 Britton³)

318 959 417 1035 patet,
440 952 531 1018 firma
553 955 593 1018 ad
616 959 762 1019 certum
785 955 988 1020 terminum
1010 956 1167 1034 constitui,
1191 975 1296 1037 quum,
1319 957 1380 1022 nisi
1401 956 1465 1037 fiat,

317 1057 444 1122 omnino
476 1056 629 1122 incertum
663 1056 719 1136 sit,
753 1056 903 1137 quamdiu
935 1054 1074 1122 firmario
1101 1075 1136 1121 re
1163 1057 1266 1122 locata
1294 1059 1339 1122 uti
1361 1059 1466 1124 liceat.

320 1156 388 1233 Quo
410 1176 486 1222 casu
508 1163 613 1222 autem
636 1159 807 1222 secundum
830 1159 878 1222 ius
891 1158 1064 1238 Anglorum
1087 1178 1153 1223 rem
1176 1159 1216 1222 ad
1238 1159 1361 1224 libitum
1385 1161 1463 1225 dan-

318 1259 361 1323 tis
383 1259 424 1324 ad
446 1256 567 1323 firmam
596 1276 774 1324 concessam
802 1277 872 1324 esse
900 1261 1121 1338 praesumitur.
1173 1259 1241 1336 Quo
1264 1262 1390 1340 quidem
1412 1283 1461 1327 re-

318 1359 453 1442 cognitio
486 1360 640 1442 quaedam
673 1380 702 1425 a.
730 1358 811 1424 1192
833 1359 985 1436 (XXVIII
1008 1361 1038 1427 d.
1061 1361 1167 1436 Febr.)
1198 1370 1335 1443 spectat,
1370 1382 1464 1444 qnam

321 1462 491 1528 Gervasius
524 1464 613 1530 nobis
646 1463 752 1545 prodit
763 1464 806 1544 ⁴):
840 1462 1022 1525 iuraverant
1054 1463 1147 1526 tactas
1174 1465 1385 1527 sacrosanctis
1412 1465 1464 1528 to-

318 1564 414 1628 mr'racs
436 1565 513 1629 XII
537 1565 575 1630 de
597 1564 701 1630 eodem
730 1577 896 1629 tenemento
908 1613 917 1644 ,
951 1565 1035 1649 qaod
1062 1566 1248 1650 praedictae
1278 1567 1316 1630 lt.
1341 1569 1375 1631 irc
1398 1569 1462 1631 iarn

322 1665 407 1730 dicta
429 1681 515 1732 terra
536 1691 697 1753 nunquam
718 1667 845 1731 lubebat
867 1666 1097 1748 haereditatem,
1120 1667 1176 1731 aad
1192 1681 1225 1732 at
1246 1669 1465 1744 firmarraaad

316 1768 438 1832 libitam
459 1771 646 1834 monasterii
669 1771 769 1834 colam
791 1768 920 1832 laedebat
952 1780 985 1832 at
1007 1770 1144 1832 servieus
1167 1769 1349 1834 custodium.
1389 1772 1458 1850 Qua

318 1871 440 1937 ratione
455 1873 509 1937 illa
529 1871 615 1936 datio
637 1871 677 1935 ad
699 1870 821 1936 firmam
845 1875 933 1944 (aute
955 1889 983 1934 a.
1005 1871 1098 1952 1066)
1121 1871 1152 1934 in
1175 1872 1246 1936 hist.
1266 1875 1466 1938 llamesiensi

316 1989 344 2035 c.
367 1971 409 2038 89
422 1974 447 2052 ³)
470 1979 504 2037 et
525 1973 680 2038 revocatio
713 1973 753 2037 ad
775 1973 918 2052 proprios
940 1990 1016 2035 usus
1038 1973 1215 2051 molendini,
1238 1976 1321 2054 quod
1343 1976 1384 2038 nd
1405 1975 1458 2039 fir-

318 2091 401 2136 mam
423 2074 560 2154 positum
591 2079 661 2139 erat
692 2074 731 2139 ab
758 2073 886 2138 abbatia
913 2072 1191 2150 Evcshamiensi⁰)
1225 2075 1303 2140 nihil
1326 2074 1458 2140 difficul-

319 2174 396 2238 tntis
418 2175 578 2255 praebent

402 2275 519 2352 Quodsi
541 2295 612 2341 cum
633 2276 681 2340 his
705 2275 866 2356 explicatis
889 2275 944 2340 illa
966 2269 1183 2353 conferuntur,
1219 2295 1299 2357 quae
1329 2277 1461 2359 Lipper·

314 2376 378 2442 tius
411 2378 450 2442 ad
484 2378 641 2444 sententia
671 2381 933 2458 praeoccupatam
966 2375 1210 2441 confirmandam
1246 2378 1306 2443 sibi
1329 2379 1458 2461 ellirrxit,

313 2497 414 2558 nemo,
437 2479 539 2560 credo,
572 2499 623 2546 me
655 2479 873 2562 reprehendet,
896 2478 979 2559 quod
1007 2479 1074 2543 eius
1102 2478 1331 2558 interpretandi
1364 2484 1460 2547 ratio-

313 2599 384 2644 nem
406 2581 606 2647 libidinosam
627 2583 812 2647 vocaverim.
871 2581 1024 2645 Versatur
1046 2581 1128 2646 euim
1151 2581 1183 2644 in
1205 2583 1371 2647 sententiis
1394 2589 1460 2649 tam

312 2682 400 2758 vagis
420 2683 584 2761 vanisque,
609 2682 832 2762 quacpcriudo
855 2682 894 2744 ad
918 2682 1152 2760 emphyteutam
1176 2689 1272 2760 atque
1294 2685 1457 2764 vassallum,

319 2781 360 2844 ad
392 2779 612 2847 Germanicam
642 2783 827 2847 locationem
860 2781 1083 2845 hereditariam
1117 2785 1212 2861 atquo
1241 2783 1459 2849 nrarrulirmam

320 2881 483 2948 Gallorum
505 2885 694 2964 pertineant,
722 2903 838 2966 neque,
866 2884 893 2948 si
916 2883 956 2946 ad
978 2901 1074 2946 unum
1101 2881 1274 2948 alterumve
1297 2904 1351 2950 eas
1373 2906 1462 2969 repc-

316 2990 384 3051 tere
405 2985 494 3065 velis,
516 2987 642 3069 penitus
664 2991 768 3053 rectae
790 2990 872 3050 sunt.
918 2984 1044 3053 Etenim
1067 2985 1270 3066 argumentis,
1305 2991 1458 3070 utsupra

314 3089 385 3169 diui,
410 3089 549 3172 Gallicis,
572 3090 706 3173 Belgicis
730 3089 908 3172 diplomatis
931 3092 963 3153 ot
986 3087 1303 3169 uuolluglicoutitur
1317 3091 1351 3171 ²),
1374 3093 1457 3173 quod

315 3213 353 3259 ne
376 3194 530 3260 intellexit
552 3195 685 3278 quidem.
730 3193 889 3259 Summam
912 3211 985 3257 vero
1013 3192 1189 3260 sententiae
1222 3211 1299 3258 suae
1321 3194 1367 3259 ita
1388 3196 1456 3276 ipse

315 3297 442 3378 exponit
450 3298 490 3372 ⁸):
524 3296 581 3360 der
613 3295 799 3360 aameatliclt
831 3296 864 3357 ia
886 3292 1040 3380 anlaad
1061 3293 1182 3378 ltaeafip
1205 3295 1455 3380 vorpekommeae

311 3410 436 3483 vertrap
459 3397 503 3461 cd
512 3399 644 3482 firmam
663 3421 788 3462 martam
803 3397 852 3479 (l),
876 3397 926 3460 cia
941 3395 1309 3477 contractaverlraeltaaas,
1333 3399 1457 3462 welches

314 3567 517 3578 ——nnn———nn

394 3670 424 3726 tl
443 3670 482 3721 Ol.
501 3687 526 3735 p.
546 3667 623 3720 llil
650 3666 680 3728 ἧς
698 3682 723 3730 p.
741 3661 794 3715 5110
811 3679 867 3729 sqq.

394 3752 421 3810 3>
441 3754 481 3806 Cf.
499 3769 556 3817 (rap.
575 3751 661 3802 LXIV
678 3750 722 3799 dea
733 3751 848 3815 sermm
865 3763 890 3811 p.
907 3741 956 3796 26!
979 3762 1035 3810 sqq.
1055 3771 1086 3780 ·-
1107 3745 1141 3795 Gi
1166 3761 1242 3810 quoq.
1263 3745 1446 3809 lngulphus

313 3835 330 3886 1.
349 3853 371 3886 c.
388 3853 413 3901 p.
432 3833 496 3889 012:
521 3836 605 3886 dimisi
617 3841 749 3902 procerte
765 3832 849 3882 redita
866 3830 976 3881 annuali
992 3837 1015 3879 et
1032 3829 1091 3879 aliia
1106 3829 1213 3880 servitiis
1230 3828 1374 3882 casalem
1391 3830 1447 3895 qai·

310 3900 467 3971 baadamad
476 3921 581 3986 firmam
598 3928 625 3971 et
642 3927 759 3970 certam
775 3932 935 3967 numeram
953 3929 1113 3964 canorum.

395 4006 422 4067 l)
440 4022 482 4071 ap.
500 4006 659 4071 Twysden
676 4004 692 4054 l.
712 4019 735 4075 c.
754 4019 779 4068 p.
799 3999 874 4053 1:371.

394 4092 425 4149 5)
444 4109 485 4156 op.
504 4091 582 4144 Gale
599 4091 613 4140 Ι
630 4107 654 4156 p.
674 4087 734 4140 llo.

394 4175 424 4234 o)
445 4179 624 4229 Glrronicon
642 4176 749 4227 abbat.
767 4174 804 4225 de
822 4172 934 4224 Evesh.
953 4170 986 4221 ad
1005 4188 1030 4222 a.
1052 4167 1170 4222 ital-2
1190 4187 1214 4235 p.
1233 4167 1292 4222 tto.

395 4267 420 4330 7)
439 4266 560 4316 Proiecto
578 4263 669 4320 doleo,
698 4263 768 4328 quod
787 4262 849 4327 dipl.
868 4258 917 4312 lli
937 4259 1001 4310 illud
1025 4257 1059 4309 ad
1076 4273 1101 4307 a.
1122 4256 1187 4308 talc
1213 4274 1254 4322 ap.
1274 4257 1391 4309 Godeu.
1420 4259 1446 4306 in

307 4357 365 4406 cod.
385 4353 489 4419 diplom.
509 4353 578 4403 Gott.
603 4347 667 4402 1781
686 4355 748 4401 torn.
765 4348 793 4398 11
810 4365 834 4414 p.
853 4343 870 4396 2
888 4364 912 4412 p.
933 4342 999 4398 1087
1018 4351 1124 4396 exstans
1144 4360 1204 4394 eum
1223 4345 1295 4409 sugit.
1319 4345 1443 4395 Fortasse

308 4444 376 4494 enim
396 4440 430 4490 ad
449 4444 564 4488 nostram
582 4437 737 4488 senentiam
756 4433 976 4500 comprobandam
995 4449 1053 4484 eum
1072 4435 1254 4482 commoveret.

391 4525 418 4580 St
439 4526 455 4578 l.
474 4541 490 4575 c
516 4541 541 4590 p.
560 4520 617 4574 1¹58.
