3644 5268
293 1630 548 1715 Gravissimum
581 1649 661 1715 illud
696 1654 746 1716 est
777 1650 972 1732 maximeque
1004 1651 1133 1731 mirum,
1172 1671 1251 1734 quas
1283 1653 1435 1734 epistulas

292 1751 496 1833 Reymundus
520 1769 540 1815 a
560 1749 749 1818 Pennaiorte
775 1751 808 1816 in
835 1751 1041 1818 decretalium
1062 1753 1276 1820 collectionem
1297 1756 1337 1821 de
1365 1757 1433 1822 iure

291 1856 477 1934 patronatus
498 1854 636 1936 recepit,
673 1871 782 1919 omnes
808 1851 875 1920 iere
903 1853 944 1919 ad
971 1853 1130 1935 praelatos
1151 1854 1298 1938 Anglicos
1320 1858 1434 1924 missas

298 1973 377 2022 esse.
417 1954 487 2033 Qua
507 1954 541 2020 in
562 1973 599 2020 re
620 1955 698 2022 nihil
719 1955 800 2022 lorte
822 1955 948 2022 fortuna
969 1955 1119 2023 accidisse
1140 1975 1178 2022 eo
1200 1959 1301 2042 magis
1323 1961 1434 2041 elucet,

294 2058 332 2140 si,
355 2059 518 2132 advocatio
540 2077 622 2142 quae
643 2077 680 2126 ae
702 2059 804 2142 qualis
827 2058 859 2123 in
871 2057 985 2142 Anglia
1006 2059 1110 2142 luerit,
1131 2061 1309 2128 accuratius
1331 2063 1436 2140 animo

293 2161 500 2245 reputaveris.
544 2161 593 2229 Ibi
615 2162 698 2228 enirn
726 2161 775 2228 ius
797 2162 1001 2244 cognoscendi
1030 2163 1070 2230 de
1102 2164 1306 2231 advocatione
1338 2184 1436 2248 penes

292 2283 401 2349 regem
422 2270 572 2348 tanquam
582 2265 748 2332 universae
770 2265 919 2331 ecclesiae
936 2271 1104 2348 patronum
1126 2269 1435 2335 eratsaeerdaribus·

295 2390 357 2452 que
378 2369 501 2453 legibus
523 2369 629 2452 potius
652 2387 745 2450 quarn
768 2369 990 2435 ecelesiasticis
1008 2375 1211 2453 patronorum
1232 2371 1302 2437 iura
1324 2373 1438 2438 eonsti-

291 2473 468 2539 tuebantur.
512 2473 594 2537 Hinc
625 2471 796 2536 maximum
829 2471 906 2537 illud
937 2473 1113 2552 silentium,
1147 2492 1209 2555 quo
1238 2475 1271 2538 in
1293 2475 1432 2556 antiquis

291 2575 515 2640 Britannorum
538 2573 675 2640 conciliis
699 2591 736 2638 ea
748 2573 1051 2656 praetermittantur,
1074 2575 1146 2641 hinc
1161 2593 1338 2656 perpaucae
1359 2576 1433 2643 illae

290 2677 472 2757 posteriore!
494 2681 627 2756 tenpore
659 2675 700 2740 de
720 2675 761 2738 iis
789 2675 1044 2755 constitutiones,
1078 2676 1151 2741 hine
1173 2695 1314 2741 summae
1335 2678 1434 2743 eccle-

290 2779 356 2842 siae
389 2779 570 2855 molestiae,
592 2777 666 2839 hinc
698 2776 869 2840 acerrimae
901 2777 976 2841 illae
1004 2775 1087 2839 inter
1119 2775 1236 2840 clerum
1264 2795 1433 2859 regemque

291 2878 534 2943 controversiae.
568 2877 735 2957 Quumque
755 2876 951 2956 iampridem
973 2875 1188 2941 incontinenti
1203 2895 1255 2942 res
1278 2879 1434 2958 spirituali

292 2997 429 3044 annexas
462 2977 597 3044 ecclesia
617 2977 676 3042 sub
699 2975 864 3042 arbitrium
895 2995 988 3041 suum
1015 2994 1052 3042 ae
1072 2975 1234 3041 libidinem
1255 2979 1433 3061 redigisset,

292 3078 335 3145 ibi
361 3079 441 3144 nihil
474 3079 562 3146 aliud
593 3075 717 3144 efficere
745 3077 864 3160 potuit,
898 3096 992 3159 quarn
1014 3083 1051 3144 ut
1071 3079 1161 3160 regni
1182 3081 1434 3162 praerogativam

292 3183 386 3248 etiam
409 3187 504 3265 atque
526 3182 621 3248 etiam
642 3186 786 3263 posceret
796 3185 892 3262 atque
903 3179 1071 3262 flagitaret.
1094 3181 1273 3247 Eiusmodi
1295 3184 1431 3264 epistula

291 3303 418 3368 quoque
450 3285 505 3350 illa
527 3282 696 3350 Alexandri
717 3281 767 3346 111
788 3283 829 3347 ad
851 3282 1024 3364 Anglorum
1046 3301 1152 3364 regern
1175 3283 1274 3349 missa
1285 3286 1308 3366 ¹)
1330 3285 1430 3352 tuisse

291 3387 432 3468 putanda
453 3391 512 3467 est,
534 3405 596 3469 qua
617 3385 666 3451 ius
682 3384 888 3466 cognoscendi
911 3384 950 3450 de
971 3385 1175 3451 advocatione
1190 3387 1341 3452 ecclesiae
1362 3389 1430 3453 vin-

291 3489 427 3557 dicabat.
462 3488 524 3554 Sed
546 3506 586 3554 ne
607 3487 658 3553 hic
681 3486 806 3569 quidem
819 3485 990 3567 quidquam
1013 3486 1183 3567 impetrare
1204 3489 1315 3569 potuit.
1349 3489 1431 3555 Nam

292 3610 385 3674 reges
407 3595 444 3658 ut
465 3596 559 3656 antea
586 3590 634 3656 ita
654 3593 722 3654 tum
750 3589 789 3654 de
810 3589 880 3654 iure
902 3605 959 3652 suo
981 3607 1022 3653 ne
1044 3589 1207 3655 minimum
1229 3591 1355 3672 quidem
1378 3593 1431 3658 dc·

293 3695 375 3760 trahi
399 3700 455 3760 aut
475 3693 618 3760 imminui
640 3693 815 3758 voluerunt.
860 3689 1020 3768 Quaeres
1043 3697 1195 3772 quantum
1217 3692 1258 3758 ad
1281 3693 1433 3774 epistulas

293 3796 477 3877 decretales,
500 3815 578 3880 quas
600 3814 697 3878 supra
716 3792 1035 3874 commemoravimus,
1057 3792 1180 3859 facilius
1202 3794 1429 3876 intellegendas

293 3900 486 3980 pertineant,
518 3899 604 3965 haud
625 3895 750 3963 diificile
778 3900 830 3961 est
857 3895 993 3977 cognitu.
1038 3895 1139 3972 Quam
1161 3915 1223 3961 non
1245 3901 1350 3961 autern
1372 3899 1431 3962 viri

294 4000 469 4065 doctissimi
490 4000 592 4066 adhuc
613 3999 668 4065 illa
688 4017 724 4064 re
745 3998 797 4063 usi
819 3995 883 4062 sint
904 4015 943 4060 er
965 3996 1099 4076 septimo
1117 3995 1313 4077 potissimum
1328 3999 1431 4078 capite

294 4101 334 4167 dc
367 4101 436 4167 iure
457 4105 535 4184 patr.
564 4099 747 4167 disserendo
775 4097 949 4180 apparebit.
999 4097 1088 4175 Quod
1115 4099 1219 4180 ipsum
1247 4117 1369 4182 quoque
1391 4101 1432 4165 ad

292 4204 452 4286 praelatos
475 4204 620 4288 Anglieos
645 4203 777 4270 missum
806 4201 847 4268 ad
873 4220 926 4268 res
950 4199 1121 4284 Anglorum
1154 4202 1299 4286 proprias
1336 4221 1431 4287 pecu-

293 4307 453 4391 liaresque
473 4307 671 4376 referendum
692 4311 751 4374 est.

295 4463 498 4477 ——n——u

361 4549 388 4617 l)
407 4552 472 4618 Cap.
489 4551 531 4602 111
549 4551 572 4602 X
592 4551 625 4602 da
642 4549 722 4602 iudic.
740 4547 790 4614 (11,
808 4545 844 4614 ll.
