3644 5268
932 652 972 716 te

389 821 414 868 e.
443 803 481 866 10
504 803 521 886 ᾗ
548 806 561 866 1
587 820 734 884 expresse
757 801 973 866 corrfirmatmn
996 803 1103 875 est⁸⁹t
1141 801 1250 883 ltaque
1274 805 1305 866 iu
1327 803 1385 866 liae
1406 822 1526 880 caussa,

392 923 488 986 quum
521 905 665 985 quaestio
697 903 737 968 de
769 903 966 968 institutione
999 903 1104 968 elerici
1138 902 1175 968 G.
1209 903 1249 968 de
1271 903 1307 968 L.
1341 913 1525 983 moveretur,

389 1006 507 1086 optimo
530 1005 598 1069 iure
619 1005 805 1084 Alexander,
828 1023 975 1086 processu
998 1007 1037 1070 de
1059 1005 1126 1069 iure
1149 1009 1230 1086 potr..
1253 1005 1321 1085 ipso
1339 997 1384 1068 'ud
1406 1006 1524 1070 curiam

391 1106 474 1188 regis
497 1111 651 1187 revocato,
674 1107 713 1172 de
735 1106 932 1172 institutione
957 1107 1083 1172 iamiam
1104 1104 1188 1171 iacta
1207 1105 1402 1187 disceptavit.
1424 1108 1526 1187 Atque

388 1208 510 1274 duabus
543 1209 670 1290 quidem
702 1209 877 1273 rationibus
911 1209 979 1274 eius
1013 1209 1170 1274 sententia
1198 1208 1330 1272 innitur:
1364 1210 1526 1290 primum

388 1312 492 1392 quod
520 1311 683 1374 datione
705 1309 922 1375 adfirmem
950 1329 1021 1375 non
1049 1316 1211 1392 excepto
1240 1311 1323 1374 iure
1346 1315 1526 1390 patrone·

389 1418 453 1474 tus
475 1410 585 1476 iacta
606 1412 751 1474 iustum
774 1410 964 1491 quendam
985 1410 1148 1474 titulum
1175 1410 1528 1490 apprehendendae

388 1512 488 1575 iuris
535 1515 769 1592 patronatus
814 1511 1081 1591 possessionis
1125 1510 1331 1575 firmarius
1371 1511 1526 1588 habuit,

388 1612 528 1677 deinde
562 1601 663 1693 quod
694 1611 863 1676 clericus
895 1612 1059 1676 idoneus
1096 1617 1188 1677 ante
1220 1614 1527 1677 controversiam

388 1719 514 1778 ortam
547 1714 593 1778 ad
626 1712 766 1777 militis
806 1713 1171 1794 praesentationem
1209 1714 1425 1778 institutus
1459 1719 1527 1779 est.

390 1813 476 1892 Quae
498 1833 595 1896 quum
617 1815 663 1880 ita
684 1815 756 1897 sint,
779 1813 918 1897 pontifex
937 1815 1117 1880 institutum
1130 1817 1353 1882 removendum
1370 1834 1431 1880 non
1449 1833 1528 1895 esse,

392 1917 563 1998 rescripsit.

477 2017 559 2094 Quid
587 2017 727 2098 pontifex
754 2021 856 2100 prima
882 2019 1005 2082 ratione
1033 2018 1092 2082 sibi
1120 2019 1210 2100 velit,
1244 2039 1282 2084 ex
1316 2017 1410 2084 rebus
1434 2039 1530 2100 supro

387 2121 549 2200 explicatis
581 2121 713 2202 ipsaque
745 2121 823 2185 iuris
855 2124 1040 2198 patronatus
1074 2125 1189 2184 natura
1221 2120 1357 2185 dilucide
1389 2127 1529 2201 apparet.

389 2219 571 2286 Pontificem
593 2221 687 2286 militi
720 2221 769 2286 ius
796 2225 982 2302 patronatus
1012 2237 1074 2284 non
1102 2221 1249 2286 addieere
1272 2222 1351 2285 satis
1374 2239 1530 2303 superque

390 2323 611 2389 demonstravi.
666 2322 746 2388 Nam
779 2322 806 2388 si
840 2322 890 2386 ius
922 2327 1033 2403 postea
1061 2322 1195 2387 evictum
1228 2321 1337 2404 luerit,
1372 2323 1529 2388 institutio

385 2425 488 2492 elerici
500 2426 653 2491 irritanda
664 2425 806 2506 essere).
829 2423 941 2506 Itaque
954 2425 1086 2489 militem
1098 2427 1353 2504 praesentantem
1365 2443 1528 2506 possesso-

390 2546 456 2592 rem
479 2529 556 2594 iuris
571 2533 651 2610 patr.
665 2527 761 2594 luisse
783 2527 832 2592 vel
855 2527 923 2591 iure
945 2525 1080 2608 quodam
1098 2531 1318 2606 praesentasse
1339 2527 1529 2608 accipiamus

390 2636 522 2712 oportet
566 2631 609 2696 At
631 2649 762 2713 quaero,
791 2630 946 2712 quomodo
968 2630 1027 2695 hoe
1047 2628 1116 2694 fieri
1137 2630 1289 2710 potuerit,
1319 2648 1414 2711 quum
1435 2647 1527 2710 prae·

387 2734 564 2796 sentations
586 2734 711 2797 demum
733 2733 822 2795 miles
844 2731 1073 2811 possessionem
1102 2730 1362 2811 apprehenderet.
1406 2729 1442 2793 In
1464 2747 1529 2809 qua

387 2833 514 2912 quidem
532 2832 716 2898 difficultate
738 2851 756 2896 e
778 2833 881 2895 medio
896 2832 1035 2895 tollenda
1056 2831 1135 2896 illud
1148 2832 1258 2894 Fletae
1281 2849 1377 2910 supra
1397 2830 1528 2894 allatum

388 2931 440 3013 (el.
454 2933 525 2997 adn.
548 2933 620 3014 133)
642 2933 863 3014 gravissimum
891 2937 949 2997 est
993 2931 1115 2997 Ibidem
1148 2931 1231 2995 enim
1259 2929 1443 3010 firmarium,
1477 2930 1529 2994 eui

389 3052 449 3098 non
472 3044 603 3117 excepto
627 3036 701 3100 iure
717 3054 746 3116 p.
768 3034 948 3116 praedium,
982 3034 1031 3098 eui
1058 3034 1107 3098 ius
1134 3037 1320 3114 patronatus
1343 3033 1528 3111 annectitur,

383 3153 568 3201 eoncessum
590 3137 648 3217 sit,
672 3137 921 3218 apprehensione
938 3153 1152 3217 possessorem
1182 3132 1250 3199 lieri
1272 3141 1367 3217 atque
1389 3142 1453 3200 tam
1475 3134 1530 3198 diu

388 3255 572 3317 permanere
606 3240 755 3320 traditur,
790 3239 940 3321 quamdiu
972 3238 1004 3302 in
1039 3238 1155 3302 seisina
1183 3237 1303 3317 praedii
1337 3242 1528 3317 permaneat.

387 3338 498 3419 ltaque
531 3344 639 3426 tamen,
669 3342 787 3406 seisina
819 3342 897 3406 iuris
930 3344 1115 3421 patronatus
1143 3356 1213 3403 cum
1243 3339 1366 3418 praedii
1399 3339 1453 3403 illa
1484 3339 1530 3403 ita

392 3441 555 3506 coniuncta
579 3443 712 3522 videtur,
746 3448 782 3506 ut
808 3443 929 3507 semel
960 3441 1157 3523 aequisita
1188 3458 1348 3504 unacum
1377 3440 1432 3504 illa
1452 3441 1528 3504 reti·

392 3544 565 3618 neatur⁴¹).
610 3541 708 3618 Quale
730 3543 827 3623 igitur
848 3545 897 3608 ius
919 3544 990 3624 quis
1018 3544 1050 3606 in
1077 3541 1206 3622 praedio
1227 3541 1337 3620 habet,
1374 3541 1528 3605 eiusmodi

458 3808 504 3870 39)
520 3811 538 3862 l.
551 3827 588 3863 a:
606 3812 637 3863 de
654 3812 743 3863 clerieo
759 3820 851 3874 ornem,
865 3814 1221 3879 perronaeiuodemmerioe
1231 3813 1294 3879 qaid
1311 3813 1358 3862 erit
1370 3812 1532 3879 sacrandum,

389 3897 433 3962 qai
441 3904 603 3962 personatam
613 3897 724 3948 eiarodem
733 3898 848 3949 eaeleeiae
858 3915 884 3949 oe
893 3899 1010 3950 laboriose
1023 3915 1072 3965 per
1088 3900 1142 3952 eiua
1149 3898 1376 3966 praesentationem
1392 3896 1486 3947 dixerit
1503 3896 1531 3946 iu

388 3981 479 4032 mna?
513 3983 640 4048 Equidem
657 3985 685 4035 iu
702 3985 775 4036 cuma
792 3985 887 4036 dmrriui
903 3987 971 4054 repis
987 3986 1053 4038 nihil
1070 3986 1180 4051 ampliata
1196 3985 1228 4036 de
1244 4002 1273 4036 eo
1290 3992 1388 4051 cupetur,
1404 3983 1456 4033 uiri
1464 3983 1531 4050 parad

387 4068 419 4118 de
436 4068 598 4120 aduocatione
623 4071 681 4136 iprae
705 4071 771 4120 inter
788 4072 918 4122 advocatos
935 4072 1102 4135 indicabitur,
1127 4072 1172 4124 red
1197 4073 1225 4122 in
1246 4071 1320 4121 mario
1341 4069 1530 4120 chrmtiondotio

388 4154 536 4216 adamam,
562 4157 617 4222 qui
632 4156 759 4218 depravo
780 4158 829 4206 iae
851 4159 941 4210 evicit
957 4175 1064 4211 veratro
1080 4157 1232 4209 alericum
1254 4157 1353 4222 ipram
1376 4173 1459 4206 eoram
1477 4155 1527 4220 epi-

388 4256 461 4305 seopo
478 4257 525 4292 rao
541 4243 580 4292 oei
597 4243 651 4292 eires
667 4242 772 4307 officiali
784 4243 924 4307 placitabit.

460 4323 505 4390 40)
523 4327 563 4378 Cf.
581 4343 638 4393 cap.
656 4328 728 4388 XlX,
747 4329 780 4378 X.
799 4329 822 4377 lr.
843 4333 862 4378 t.

459 4411 504 4470 41)
522 4413 561 4462 cf.
579 4413 640 4463 adu.
659 4411 716 4464 133.
736 4414 764 4461 lu
784 4414 874 4463 dieta
890 4419 946 4464 tum
963 4412 1029 4464 haee
1047 4419 1201 4478 sequuntur:
1228 4413 1264 4462 Et
1281 4411 1434 4476 priusquam
1454 4425 1529 4460 verus

385 4512 511 4561 possessor
528 4497 646 4548 odanam
663 4497 702 4548 rei
719 4498 878 4564 recuperavit
894 4499 923 4549 in
936 4497 1096 4564 pertinentiis
1117 4498 1183 4550 alta
1199 4498 1265 4548 iuria
1280 4497 1372 4562 poteri
1388 4495 1525 4554 uindicare,

388 4599 465 4650 qaum
491 4599 543 4635 aon
563 4583 656 4650 poterit
681 4583 827 4651 quia'priao
846 4591 1013 4651 praesentare
1037 4585 1076 4636 vel
1097 4584 1190 4637 tabere
1204 4582 1371 4650 pertinentias
1392 4589 1526 4649 antequam
