3644 5268
919 668 960 734 72

460 823 656 888 Clementis
677 823 712 886 lV
736 823 832 886 bulla
854 822 888 886 N.
910 823 1015 886 decano
1037 823 1171 886 ecelesiae
1192 824 1226 887 de
1238 825 1375 906 lilimpina
1388 845 1413 890 a.
1428 823 1509 893 1268

377 947 404 993 a.
428 929 456 990 d.
479 927 512 990 tlt
535 943 560 990 a.
584 926 681 990 Nonas
704 927 793 988 llaias
816 927 911 1002 (illone
934 927 954 988 Ι.
976 943 1000 988 a.
1025 923 1084 988 187
1108 929 1172 990 torn.
1197 926 1290 1006 lV)²).

461 1030 615 1108 „Clemens
638 1045 680 1106 ep.
704 1025 734 1091 S.
748 1026 823 1091 Sti¹
847 1029 945 1090 dilectu
969 1029 988 1090 1.
1012 1027 1046 1092 N.
1069 1027 1176 1092 decano
1198 1044 1236 1092 ac.
1259 1029 1294 1092 de
1309 1029 1363 1107 W„
1383 1031 1509 1094 Worma·

376 1133 479 1196 densis
502 1131 651 1206 dioecesis,
673 1129 792 1192 salutem
815 1131 842 1192 et
862 1129 1044 1208 apostolicam
1068 1129 1291 1194 benedictionem.
1337 1133 1376 1196 dd
1398 1135 1510 1196 audien·

373 1236 436 1297 tiam
460 1238 584 1296 nostram
608 1233 744 1311 parvenit,
766 1231 837 1309 arrad
861 1235 916 1294 tam
938 1231 1035 1294 dilecta
1058 1233 1083 1294 in
1108 1231 1218 1296 cbristo
1241 1234 1463 1298 iilia-abbatissa
1486 1238 1512 1298 et

373 1338 526 1401 conuentus
560 1335 718 1398 monasterii
740 1334 774 1396 da
797 1333 920 1410 (limem,
955 1333 1148 1396 cisterciensis
1170 1335 1275 1398 ordinis
1297 1335 1341 1398 W.
1364 1337 1512 1417 dioecesis,

375 1457 457 1518 quam
482 1439 537 1515 iile,
560 1453 613 1514 qua
630 1438 708 1516 ipsas
726 1437 752 1498 ln
775 1436 847 1499 dicto
870 1437 1038 1499 manasterio
1061 1437 1299 1516 processerunt')‚
1322 1442 1419 1517 terras,
1442 1458 1509 1520 pos·

373 1543 530 1610 sessiones.
552 1538 684 1612 redditus,
706 1553 823 1615 census,
845 1537 977 1614 decimus,
1002 1539 1107 1614 vineas
1129 1539 1270 1619 grangias,
1293 1557 1415 1619 nemora,
1436 1547 1512 1621 prata

372 1659 487 1722 pascua,
510 1642 578 1718 iura,
601 1639 803 1702 iurisdictiones
826 1643 852 1702 el
874 1639 1007 1717 quaedam
1030 1641 1085 1703 alia
1108 1640 1179 1702 bona
1202 1642 1326 1705 eiusdem
1344 1646 1512 1723 monasterii,

376 1745 448 1808 alatis
470 1760 555 1822 snner
578 1744 628 1804 bno
646 1742 730 1804 literis
744 1743 912 1821 interpositis
929 1743 1100 1818 iuramentis,
1122 1743 1202 1805 lactis
1221 1745 1467 1809 renuntiationibus
1475 1746 1511 1825 ⁴),

379 1847 511 1909 coniectis
544 1845 641 1907 exinde
670 1845 787 1924 publicis
810 1845 1000 1907 instrumentis
1023 1847 1049 1907 et
1070 1846 1168 1924 poenis
1190 1846 1319 1924 odientis,
1351 1849 1378 1909 in
1402 1865 1512 1928 gravem

373 1949 499 2012 eiusdem
523 1950 683 2012 monasterii
712 1950 876 2026 laesionem,
910 1949 1053 2012 nonnullis
1088 1948 1194 2011 clericis
1227 1953 1253 2012 et
1276 1950 1353 2013 laicis
1376 1951 1513 2029 aliquibus

373 2068 466 2114 eornm
490 2046 650 2130 advitam,
684 2052 848 2129 arribusdam
882 2067 947 2114 nero
974 2051 1008 2114 ad
1032 2067 1086 2114 non
1109 2051 1246 2115 modicum
1270 2056 1379 2132 tempus
1402 2056 1429 2116 et
1450 2055 1513 2118 aliis

373 2159 503 2235 perpetuo
525 2155 559 2216 ad
593 2158 717 2230 irruam,
751 2155 791 2217 nel
826 2155 880 2216 sub
903 2171 989 2217 sensu
1012 2153 1148 2233 annuo³)
1171 2163 1373 2219 concesserant
1396 2174 1510 2235 quorum

369 2259 451 2334 aliqui
475 2273 559 2335 snper
576 2258 619 2319 bis
636 2257 850 2318 cnrrdrmalionis
873 2257 965 2319 literas
993 2257 1019 2320 in
1048 2257 1137 2319 torma
1158 2261 1296 2321 communi
1318 2276 1335 2321 a
1358 2261 1426 2322 sede
1443 2277 1511 2339 apo-

375 2361 473 2423 stolica
496 2361 662 2438 inpetrasse
684 2360 818 2422 dicuntur.
863 2361 931 2422 Cum
955 2359 1036 2440 igitur
1058 2361 1151 2421 nostra
1175 2360 1280 2422 intersit
1294 2360 1318 2438 ‘l
1342 2362 1428 2424 laesas
1451 2381 1511 2426 mo-

373 2462 502 2524 nasteriis
524 2462 688 2538 subvenire,
710 2462 867 2525 discretioni
890 2467 953 2524 tuae
974 2478 1022 2540 par
1044 2462 1197 2538 apostoliea
1220 2463 1321 2540 scripta
1344 2465 1511 2529 mandamus

371 2567 508 2642 quatenus
542 2580 590 2640 ea,
624 2580 695 2641 quiae
728 2562 762 2626 de
795 2563 876 2626 banis
904 2561 1027 2625 eiusdem
1052 2547 1210 2625 monasterii
1239 2581 1285 2642 ner
1307 2569 1507 2631 mrrcessiones

371 2665 527 2727 huiusmodi
550 2665 669 2726 alienata
692 2666 829 2725 invenieris
852 2665 943 2726 illicite
965 2664 1006 2724 vel
1030 2665 1176 2736 distracta,
1199 2682 1253 2726 non
1277 2667 1451 2730 obstantibus
1475 2671 1507 2732 ii·

372 2767 446 2840 teris,
469 2767 668 2839 instrumentis
691 2765 862 2839 iuramentis,
885 2765 981 2840 [rosiris
1005 2765 1252 2827 renuntiationibus
1276 2770 1302 2827 el
1323 2771 1507 2832 corilirmatio-

373 2866 455 2926 nibus
490 2864 670 2942 surpradictis‚
703 2864 738 2924 ad
769 2866 814 2924 ius
838 2870 863 2924 et
887 2864 1076 2941 proprietatem
1100 2864 1189 2942 ipsius
1212 2869 1369 2928 monasterii
1392 2869 1511 2949 legitime

372 2982 500 3028 revocare
523 2981 669 3044 procuras,
703 2965 917 3026 coratradielores
942 2980 1156 3042 percensuram
1179 2967 1394 3032 ecclesiasticam
1416 2972 1511 3051 appel·

372 3069 474 3132 latlone
485 3069 649 3148 postposita,
667 3066 877 3146 cnrnpescendo.
902 3065 1004 3128 Testes
1017 3069 1118 3146 autem,
1140 3069 1278 3134 siluerint
1294 3072 1511 3138 nominatiels.“

836 3219 1039 3229 ——n--o

458 3307 491 3371 B.
537 3307 686 3371 Consilii
711 3306 1021 3370 westmonasteriensis
1054 3305 1137 3370 babiti
1170 3325 1197 3371 a.
1224 3307 1305 3372 1175
1340 3329 1427 3376 canon
1459 3331 1511 3392 „er

373 3412 509 3491 „decretis
530 3411 700 3474 diversorum
723 3411 861 3490 nstrum.
884 3408 1055 3483 (lllillrins
1078 3409 1096 3472 1.
1120 3427 1144 3474 e.
1167 3411 1185 3473 l.
1208 3429 1235 3490 p.
1258 3410 1377 3492 478)²):

439 3593 468 3656 2)
486 3597 526 3648 cf.
548 3613 607 3647 eum
624 3597 675 3645 hee
692 3594 764 3644 bulla
781 3594 859 3644 aliam
877 3595 983 3645 Martini
1000 3595 1039 3645 tv
1056 3610 1080 3645 s.
1100 3591 1164 3647 1181
1184 3598 1218 3648 ad
1235 3599 1303 3650 idem
1320 3601 1503 3651 monasterium

379 3682 470 3739 (Mons
487 3683 505 3732 l.
523 3697 546 3732 e.
564 3683 601 3731 IV
618 3696 644 3744 p.
667 3677 724 3741 189)
742 3685 769 3728 el
784 3679 883 3728 bullum
902 3679 1003 3728 Nieolai
1020 3679 1058 3737 tv
1077 3679 1199 3741 (Hellana
1216 3682 1233 3732 l.
1251 3697 1274 3733 e.
1296 3685 1369 3734 verb.
1387 3685 1492 3744 Paeht).

443 3763 470 3826 3)
488 3765 559 3816 Buri.
576 3765 694 3814 Martini:
722 3763 865 3825 „decimam
883 3769 979 3826 terras,
998 3764 1088 3813 domos
1105 3766 1207 3826 vineas,
1227 3771 1313 3831 prata,
1332 3784 1444 3832 pasena,
1461 3784 1508 3819 ne·

373 3865 460 3912 mora,
488 3850 648 3911 molendina,
674 3848 817 3911 piscarias,
847 3850 905 3898 iura
921 3849 1129 3911 iurisdictiones,
1146 3851 1263 3902 numeria
1288 3848 1330 3916 [el.
1350 3869 1430 3919 supra
1447 3853 1512 3905 buti.

375 3934 466 3985 Innoe.
484 3933 518 3984 ud
536 3935 562 3984 h.
580 3931 608 3998 1.)
627 3935 808 3998 possessiones
827 3937 852 3982 et
871 3933 999 3998 quaedam
1019 3933 1072 3983 alia
1089 3934 1168 3987 bons.

440 4017 467 4078 1)
486 4019 590 4070 Martia.
608 4019 703 4068 omittit
719 4017 783 4068 hoe:
803 4019 888 4082 „confi
908 4035 932 4069 a.
952 4036 977 4086 p.
995 4017 1088 4071 inslr.“

441 4104 470 4162 5)
487 4105 607 4156 Martis:
625 4103 845 4168 ‚‚eoneosserint.“

440 4187 469 4250 6)
487 4192 604 4242 Martium
624 4207 721 4256 ,super
739 4190 790 4241 hoe
808 4189 840 4242 de
859 4195 990 4256 oportuno
1008 4190 1122 4242 remedio
1140 4177 1303 4256 providera.“

445 4277 471 4332 ii
491 4278 530 4328 Cf.
548 4293 605 4343 cap.
623 4277 668 4328 VI.
687 4271 708 4326 X
734 4291 767 4326 na
785 4276 874 4328 cleriei
900 4278 942 4328 vel
962 4279 1082 4329 monachi
1100 4276 1163 4341 (ΙΠ,
1181 4275 1226 4340 ab)
1243 4275 1391 4329 Alexander
1408 4279 1510 4330 Londo-

374 4365 449 4414 nensi
462 4367 600 4428 episeopo:
609 4361 774 4425 ‚,Secundum
784 4364 901 4415 instituta
910 4365 1140 4429 praedeeessorum
1150 4369 1296 4414 nostrorum
1307 4364 1355 4414 sub
1366 4366 1412 4415 1111,
1425 4365 1510 4416 anath.

378 4450 558 4516 prohibemus,
586 4464 620 4498 ne
638 4448 758 4498 monaehi
776 4449 818 4499 vel
836 4449 897 4501 elan.
915 4467 937 4502 e.
957 4452 1022 4525 lineri
1040 4452 1219 4518 negotientur,
1247 4455 1273 4500 el
1294 4466 1328 4500 ne
1345 4467 1412 4502 mon.
1431 4452 1474 4502 vel
1493 4468 1510 4503 a

374 4535 482 4586 alaricis
498 4537 539 4588 vel
557 4553 574 4587 a
592 4537 665 4587 lsieis
684 4551 740 4608 suo
758 4538 885 4588 nomine
902 4537 989 4590 firmas
1006 4539 1132 4602 habeant,
1149 4553 1234 4610 nsque
1250 4537 1312 4589 laici
1329 4537 1454 4592 ecelesias
1473 4537 1507 4595 ad

374 4619 473 4676 firmam
491 4623 624 4679 teneant.“
