3644 5268
918 596 960 661 ts

339 829 340 832 Ἴ
366 754 433 818 loco
456 751 591 833 quodam
613 747 806 830 exlugulplri
829 746 1165 828 tristoriadeproupte,
1188 763 1280 827 quem
1303 747 1341 812 de
1353 748 1437 834 lloye
1459 757 1507 818 at-

367 854 493 932 tulerat,
515 869 592 917 usus
615 855 673 914 est.

452 956 495 1018 At
516 953 649 1018 alterum
679 951 868 1016 sententiam
891 949 1024 1015 Abbatis
1056 967 1118 1014 non
1152 951 1277 1016 omnino
1310 952 1504 1019 obliteratam

368 1075 449 1138 esse,
470 1057 584 1138 prebat
605 1053 713 1120 consil.
739 1051 944 1136 quoddam⁸⁵)
966 1051 1058 1116 iurid.
1080 1071 1108 1116 a
1131 1050 1161 1116 S.
1185 1051 1347 1135 Strylrio
1375 1075 1402 1120 a.
1430 1055 1508 1121 1693

369 1160 489 1238 datium,
511 1158 545 1222 in
568 1175 629 1240 quo
651 1155 799 1236 legimus:
834 1151 918 1237 qaod
938 1151 971 1237 4)
994 1175 1062 1217 mem
1088 1153 1290 1217 universitate
1312 1155 1510 1221 bonorumet

368 1261 487 1324 tuream
508 1258 665 1322 translata
686 1258 779 1321 ete'em
801 1255 1016 1340 transferatur
1037 1257 1088 1318 ius
1110 1266 1300 1340 patronatus
1324 1295 1361 1308 ·-
1385 1260 1512 1324 welches

369 1361 449 1426 cuch
460 1383 520 1424 eea
531 1361 629 1424 ciuem
640 1357 824 1422 condomare
838 1359 950 1444 percelsa
971 1359 1031 1421 est:
1053 1380 1078 1422 c.
1095 1355 1167 1421 VII.
1183 1358 1223 1424 X.
1237 1357 1275 1422 de
1296 1360 1365 1424 e'eere
1383 1374 1511 1446 petron.

369 1498 409 1510 ·-
433 1460 533 1538 Quam
555 1461 681 1542 quidem
697 1461 872 1542 opinionem
894 1460 923 1526 J.
945 1460 985 1526 Η.
1008 1460 1294 1540 Boehmerus‘⁶)
1315 1463 1361 1528 ita
1374 1481 1508 1544 usurpa·

367 1567 427 1645 vit,
460 1569 496 1629 ut
519 1563 598 1628 illud
621 1563 791 1628 dominium
818 1562 895 1626 utile
924 1567 1086 1628 contractu
1119 1562 1159 1628 ad
1192 1561 1314 1628 firmam
1342 1563 1508 1630 transferri

368 1665 508 1732 refutare
531 1669 670 1745 cenatus,
693 1667 890 1745 sententiam,
913 1662 1035 1729 firmam
1058 1683 1181 1730 omnem
1203 1666 1387 1730 locationem
1404 1669 1513 1748 (sensu

374 1767 451 1832 iuris
478 1767 641 1846 Romani),
674 1777 730 1828 κατ
754 1766 868 1852 ἐχοχην
894 1773 1000 1832 autern
1022 1769 1208 1832 locationem
1234 1767 1273 1832 od
1295 1767 1511 1850 longissimum

370 1875 495 1952 tempus
518 1869 567 1934 vel
589 1868 821 1948 perpetuariem
844 1868 1085 1950 intellegendam
1109 1888 1179 1934 esse
1200 1874 1339 1950 poneret.
1374 1868 1444 1946 Qua
1464 1888 1515 1934 ra-

370 1973 456 2036 tione
483 1969 722 2036 translationem
749 1969 827 2033 iuris
859 1975 1046 2052 patronatus
1075 1971 1115 2036 ad
1147 1972 1368 2042 conductorem
1395 1972 1515 2053 simpli-

370 2092 437 2139 cem
465 2089 573 2153 eeap.
595 2071 665 2137 VII.
695 2071 823 2136 minime
844 2070 974 2150 probari
1001 2073 1214 2158 contendit(l).
1259 2073 1357 2151 Quem
1390 2080 1517 2156 praeter·

372 2174 639 2257 Oesterley⁸'),
668 2179 704 2238 ut
725 2172 868 2254 equidem
890 2178 982 2255 puto,
1005 2192 1097 2240 nemo
1119 2183 1246 2242 secutus
1268 2183 1325 2242 est.

455 2293 640 2360 Recentiore
669 2297 773 2358 antem
801 2297 941 2373 tempore
963 2291 1057 2358 lCtus
1084 2295 1226 2375 quidam,
1258 2296 1328 2360 dico
1350 2295 1515 2376 Lipper-

370 2397 525 2475 tium⁸⁸),
548 2395 762 2459 Panormitam
790 2395 976 2458 sententiam
1007 2396 1115 2460 multis
1141 2397 1290 2476 novisque
1319 2399 1513 2477 argumentis

371 2496 555 2562 confirmare
579 2496 700 2559 studuit
721 2502 972 2574 argumentatus:
1006 2496 1207 2562 manufirmas
1235 2499 1329 2578 (qums
1359 2499 1514 2579 intellegit

371 2597 500 2678 praedia
521 2597 562 2661 ad
588 2595 709 2660 firmam
737 2596 826 2673 data)
856 2595 992 2661 lirinario
1019 2600 1171 2678 principio
1199 2600 1238 2662 ad
1266 2601 1362 2662 vitam
1390 2606 1514 2663 tantum

372 2699 420 2761 vel
442 2698 569 2760 brevius
592 2698 743 2776 temporis
765 2698 902 2777 spatium
931 2700 1076 2762 dimissas
1103 2718 1188 2774 esse3
1221 2706 1332 2778 postea
1355 2708 1460 2764 autem
1482 2703 1514 2764 in

372 2798 631 2862 consuetudinem
653 2797 786 2874 venisse,
809 2802 845 2859 ut
867 2815 923 2860 eae
946 2799 1040 2860 etiam
1063 2798 1104 2860 ad
1115 2798 1248 2860 heredes
1270 2799 1516 2863 transferrentur

371 2900 426 2976 ita,
449 2905 486 2962 ut
506 2897 677 2962 Alexandri
699 2897 892 2976 temporibus
914 2897 1005 2962 lirum
1032 2899 1157 2961 omnine
1184 2899 1296 2962 locatio
1325 2900 1516 2964 hereditaria

371 2998 562 3084 (Erbpecbt)
597 2999 807 3080 intellegenda
840 3004 932 3063 esset.
976 2999 1045 3076 era
1075 3000 1229 3064 locatione
1262 2999 1432 3066 firmarium
1465 2991 1521 3066 ins

372 3103 458 3168 reale
482 3103 646 3184 acquirere
667 3120 729 3165 non
751 3101 883 3166 dubitat.
906 3137 947 3150 -
974 3101 1282 3182 Sclrillingius⁸⁰)
1305 3105 1438 3183 demum,
1462 3108 1514 3186 qui

372 3205 562 3270 novissimus
586 3204 625 3268 de
646 3204 706 3268 bac
734 3204 932 3283 rescripsit,
966 3203 1011 3267 ita
1038 3204 1218 3283 perplexam
1248 3207 1435 3270 sententiam
1464 3227 1515 3272 ex-

373 3309 479 3389 plieat,
501 3311 538 3370 ut
559 3303 693 3386 difficile,
717 3305 793 3386 quid
815 3306 898 3385 velit,
920 3307 1136 3386 perspiciatur.
1182 3308 1244 3373 Sed
1267 3310 1299 3372 ui
1321 3309 1421 3389 fallor,
1448 3312 1514 3374 eius

374 3409 477 3490 opinio
499 3409 560 3472 lure
581 3407 728 3471 recurrit:
750 3407 885 3486 primum
908 3405 1028 3472 firmam
1050 3408 1148 3472 fuisse
1169 3411 1362 3490 locationem,
1394 3432 1431 3476 ex
1453 3432 1515 3492 que

375 3517 500 3575 tantum
524 3509 672 3589 obligatio
694 3513 884 3587 nasceretur,
906 3512 1086 3594 posteriore
1097 3516 1236 3590 tempere
1248 3519 1351 3576 autem
1366 3514 1513 3585 (Alexan-

375 3613 424 3675 dri
457 3610 597 3682 saeculo)
626 3609 757 3673 eandem
785 3610 868 3672 omni
901 3627 939 3672 ex
972 3616 1062 3689 parte
1089 3612 1282 3692 emphyteusi
1311 3615 1360 3676 vel
1384 3613 1513 3678 Germa-

374 3714 444 3776 nico
477 3711 584 3776 censui
617 3711 807 3774 hereditario
841 3709 1050 3790 adaequatam
1083 3717 1115 3776 et
1144 3713 1213 3776 ideo
1241 3716 1409 3778 essentiam
1438 3717 1515 3779 iuris

374 3813 504 3877 firmarii
525 3812 643 3876 realem
665 3812 793 3888 esse⁷⁰).
828 3810 1022 3894 Quamquam
1046 3814 1127 3877 enim
1149 3813 1302 3894 Lippertii
1324 3818 1512 3880 seutentiam

441 4085 487 4151 66)
504 4091 522 4140 l.
541 4106 565 4138 c.
585 4089 631 4138 lib.
652 4088 692 4137 Ill
711 4089 751 4140 tit.
771 4085 804 4138 38
822 4089 837 4148 9
856 4087 1001 4142 rra-115.

447 4173 520 4236 om
548 4191 570 4222 ο.
590 4189 614 4238 p.
637 4169 677 4221 m.

443 4257 489 4315 63)
507 4260 525 4310 l.
544 4275 567 4311 c.
586 4275 611 4324 p.
636 4251 781 4308 rte—169.

443 4339 490 4402 tlt)
507 4346 525 4395 l.
544 4361 565 4394 c.
584 4360 609 4408 p.
628 4339 662 4395 22
681 4343 742 4394 adn.
761 4338 808 4404 983
826 4357 852 4404 p.
869 4337 903 4392 24
921 4342 982 4394 adn.
1002 4342 1066 4408 1143
1084 4361 1109 4412 p.
1127 4341 1162 4397 25
1180 4344 1241 4396 adn.
1265 4344 1320 4398 lle.

445 4427 489 4491 76)
506 4431 523 4480 l.
543 4447 565 4480 c.
584 4429 644 4480 adn.
664 4425 727 4480 lla:
762 4427 830 4477 dean
853 4425 945 4479 mecla
967 4429 1008 4480 die
1020 4431 1098 4492 firme
1123 4431 1372 4498 ursprueoqla'cle
1397 4448 1449 4480 aare
1475 4428 1516 4480 aire

373 4514 561 4580 pealecmrtrelct
574 4530 636 4575 accur,
656 4513 710 4565 oleo
726 4528 778 4565 ater
796 4511 837 4564 eiu
852 4515 1090 4579 pecaoealicdea
1106 4515 1196 4569 reciet
1212 4515 1414 4580 emmeramus,
1432 4533 1459 4568 ao
1473 4531 1514 4582 pe·
