3644 5268
854 613 894 678 47

305 765 383 830 catelo
406 763 578 832 doonm‘um
599 765 721 846 fefellit,
743 765 784 832 cd
796 763 906 830 firmae
929 769 1073 832 nefurcm
1085 764 1362 832 demonstrandam
1377 764 1455 831 heco

306 876 483 953 ningulatun
506 875 569 936 cst:
593 867 678 956 quod
697 869 748 932 lic
758 867 832 950 fuit
854 867 952 931 cinicus
973 868 1049 932 talio
1071 879 1257 950 contractus,
1282 889 1454 952 perquem

306 973 461 1036 transivit
495 970 665 1036 dominium
696 967 838 1034 videlicet
871 971 980 1051 υίίἰαο,
1012 983 1152 1056 utputo
1179 967 1280 1055 quod
1307 969 1455 1034 locatio

297 1075 390 1156 soit
412 1073 463 1138 od
483 1095 656 1161 mapnom
678 1083 824 1157 compos
847 1072 999 1156 (adquod
1016 1073 1212 1154 probandum
1223 1073 1328 1138 Innoc
1346 1077 1453 1138 aucto

307 1195 376 1243 rem
401 1176 523 1258 laudat)
555 1187 584 1240 et
616 1175 672 1256 sic,
706 1197 774 1238 oum
796 1173 966 1238 conductor
986 1173 1137 1238 habeatur
1157 1173 1209 1238 lio
1230 1175 1298 1238 loco
1321 1172 1452 1254 domini,

311 1291 450 1364 respecto
477 1279 564 1342 atticis
591 1275 727 1341 dominii
755 1275 871 1339 tramit
899 1276 991 1340 etiam
1019 1276 1070 1340 c'uc
1093 1287 1295 1362 patronatus.
1340 1275 1454 1358 Itaque

310 1379 431 1446 firman
454 1381 687 1460 locotionem⁸')
714 1379 757 1444 ad
784 1378 911 1462 longum
938 1383 1063 1461 tempus
1093 1378 1263 1444 intellexit:
1298 1381 1394 1460 atquc
1421 1377 1455 1442 in

310 1484 494 1551 croilitolcni
517 1483 766 1567 pignoraticium
789 1481 836 1547 uti
859 1481 919 1564 glo.
942 1489 976 1548 et
994 1483 1092 1564 Host‚
1115 1481 1165 1547 ius
1187 1487 1374 1565 potronatus
1391 1501 1455 1548 non

310 1589 443 1654 transire
465 1587 632 1668 contendit
654 1586 712 1652 sed
733 1585 825 1666 longe
847 1584 910 1650 alio
932 1604 1102 1666 encaussc,
1126 1587 1201 1669 quic
1212 1585 1349 1651 creditor
1367 1590 1454 1650 tene·

308 1698 360 1756 tm·
382 1692 551 1757 restituens
574 1708 682 1757 omnes
704 1686 840 1768 fructus
874 1707 953 1770 quos
980 1689 1122 1770 percepit
1152 1708 1190 1754 ex
1217 1707 1253 1754 re
1278 1688 1454 1771 pignorata.

309 1794 430 1870 Quibus
452 1795 588 1876 denique
610 1792 712 1858 addit:
729 1813 794 1875 pro
816 1787 872 1853 icoc
894 1788 964 1854 dico
977 1789 1211 1875 dispositionem
1233 1790 1326 1855 lutus
1348 1813 1374 1856 c.
1389 1813 1452 1852 non

301 1894 483 1979 procedere,
510 1896 544 1958 εἰ
568 1893 681 1958 locatio
693 1891 817 1976 fulccet
834 1889 931 1975 facta
953 1890 998 1954 ad
1016 1891 1171 1956 modicum
1198 1903 1327 1978 teinpus,
1358 1915 1454 1976 quum

311 2010 385 2061 tuito
406 2021 468 2061 non
491 1998 641 2062 transiret
662 1993 833 2059 dominium
854 1994 930 2058 uteie
950 2016 1006 2056 nec
1019 1993 1201 2078 possessio:
1233 1993 1291 2058 ced
1312 1993 1455 2074 decocto,

311 2099 397 2184 qnod
418 2101 543 2166 colonos
567 2097 611 2162 od
625 2096 779 2162 nzodc‘ccm
801 2108 921 2182 comptu
933 2094 1075 2180 possidet
1098 2095 1222 2159 donnino
1246 2108 1275 2161 et
1296 2119 1358 2160 non
1380 2095 1452 2159 sihi.

311 2205 399 2279 Quae
421 2205 546 2286 quidem
569 2201 726 2268 sententia
746 2199 838 2264 valde
860 2199 899 2264 ab
922 2198 1090 2265 Abbatis
1120 2199 1174 2263 illa
1196 2199 1367 2280 discrepat,
1401 2199 1456 2280 qui

312 2307 344 2370 in
367 2325 434 2388 cap.
457 2307 500 2370 lV
528 2323 568 2370 ne
596 2303 693 2385 prael.
716 2302 773 2366 vic.
801 2320 875 2366 suas
902 2302 954 2384 (V,
977 2301 1011 2383 5)
1044 2301 1231 2367 locationem
1266 2302 1307 2367 ed
1335 2305 1456 2382 septem

312 2426 410 2473 annos
432 2407 554 2472 firmem
577 2404 739 2471 intellexit
772 2404 930 2482 Attamen,
952 2404 1026 2470 licet
1048 2423 1115 2486 cap.
1127 2403 1210 2469 llll
1231 2404 1287 2469 loc.
1310 2406 1344 2467 et
1364 2403 1454 2467 cond.

311 2509 525 2574 Panormitani
538 2507 713 2574 sententiae
734 2505 860 2572 obstare
881 2506 1035 2586 videatur,
1058 2506 1192 2572 mirabili
1211 2505 1303 2570 modo
1326 2523 1364 2570 ca
1386 2523 1455 2569 see·

311 2611 380 2676 culo
403 2609 478 2674 XVI
501 2610 674 2676 communis
696 2608 821 2673 reddita
847 2613 897 2672 est
919 2613 1014 2689 etque
1036 2609 1090 2675 illo
1112 2629 1150 2674 ex
1172 2613 1356 2688 argumento
1378 2607 1456 2673 eiust

311 2711 394 2790 qnod
416 2715 540 2774 tentum
552 2711 686 2790 exempli
709 2707 918 2783 causcaffcrt,
941 2715 1056 2775 nature
1070 2709 1179 2774 firmae
1196 2707 1344 2773 delinitur
1365 2711 1456 2789 qnasi

312 2810 473 2876 locationis
495 2811 536 2876 od
558 2812 684 2892 longum
706 2815 839 2890 tempus
862 2829 926 2890 qua
947 2811 1025 2875 utile
1048 2811 1217 2876 dominium
1240 2811 1363 2874 transit
1405 2810 1457 2876 lto

312 2912 430 2978 Itochi
453 2912 498 2978 de
520 2912 701 2994 Curte⁰⁰p
724 2911 777 2993 qui
800 2911 893 2975 huius
905 2915 1080 2978 sententiae
1102 2915 1274 2976 sectatores
1296 2912 1455 2976 Paulum

313 3015 356 3079 ‹le
380 3014 519 3080 Castro
542 3019 576 3080 ot
596 3014 798 3080 Bartolum
820 3013 938 3093 laudat.
961 3013 1007 3079 ita
1028 3013 1132 3078 Paul.
1148 3012 1193 3077 de
1208 3012 1455 3091 Oitedinis⁶¹)

312 3125 345 3184 ot
367 3115 683 3193 Gonzalesius⁸²).
706 3115 787 3181 Itoni
803 3116 934 3182 Franz.
952 3117 998 3183 de
1015 3117 1118 3199 Itoye
1134 3121 1167 3182 ct
1183 3116 1228 3181 cle
1245 3116 1456 3200 Fergne⁸³),

313 3241 391 3302 quos
424 3241 496 3287 van
524 3221 699 3302 Espen⁶⁴l
733 3225 858 3285 secutus
893 3220 971 3286 haec
1003 3220 1132 3286 conicit:
1166 3217 1212 3281 od
1225 3219 1359 3303 filinam
1385 3220 1406 3284 i.
1431 3243 1455 3284 e.

315 3321 360 3384 ccl
379 3323 504 3408 toppum
526 3335 646 3407 tompus
672 3323 805 3384 locatam
826 3323 866 3404 (c.
890 3323 1021 3405 viltam),
1050 3345 1129 3406 quae
1157 3323 1287 3386 clooato'o
1309 3335 1456 3386 naturam

314 3425 456 3508 sapiebat
482 3422 645 3488 cuoicsdom
673 3433 850 3486 contractus
884 3423 1153 3509 emphyteuticarii
1183 3424 1232 3487 ool
1249 3425 1362 3510 potius
1389 3447 1455 3488 cecc-

314 3527 426 3608 smdci,
455 3551 514 3612 qno
543 3527 618 3590 utt'lc
641 3524 810 3590 dolentium
836 3526 1038 3610 transfertur.
1085 3527 1133 3592 Ad
1155 3527 1237 3608 quod
1260 3527 1457 3609 probandum

318 3685 518 3694 -.-.-.—.-....-.

387 3802 431 3868 58)
449 3803 467 3854 1.
485 3821 507 3855 c.
525 3803 559 3855 ed
577 3820 636 3870 cap.
655 3803 706 3856 VII
723 3805 767 3855 cit.

388 3887 431 3952 56)
449 3890 490 3940 ol.
508 3888 604 3940 Gloeee
620 3889 655 3940 ed
672 3906 731 3955 cap.
749 3891 776 3941 11
795 3891 819 3940 X
838 3890 888 3942 loc.
908 3896 935 3942 et
951 3891 1027 3942 cond.
1046 3887 1163 3953 (111,18)
1181 3904 1268 3941 cesus.
1287 3889 1329 3941 61.
1348 3889 1381 3940 ed
1399 3906 1456 3955 cap.

321 3973 372 4023 Vll
389 3975 432 4024 cit.
450 3990 540 4038 cesum
558 3975 601 4027 Gl.
619 3975 654 4025 ed
673 3992 731 4040 cap.
749 3976 787 4026 IV
805 3993 839 4028 ne
856 3977 939 4042 procl.
957 3979 1009 4028 vio.
1028 3992 1098 4026 sues.
1118 3975 1151 4026 cd
1169 3991 1226 4026 voc.
1245 3975 1388 4039 querelam.

387 4055 432 4124 66)
450 4061 469 4110 l.
488 4077 510 4112 c.
527 4076 553 4125 p.
572 4058 619 4110 311
641 4076 667 4112 n.
685 4060 728 4110 54.

388 4142 433 4207 61)
451 4145 468 4196 1.
486 4162 508 4206 e.
527 4161 551 4210 p.
570 4142 621 4197 363
638 4162 664 4195 ιι.
682 4143 729 4209 64;
747 4163 772 4211 p.
791 4142 839 4198 461
860 4162 887 4196 n.
908 4141 947 4197 12.

387 4225 432 4294 62)
451 4232 467 4281 l.
486 4247 509 4282 c.
526 4231 559 4282 cd
577 4247 634 4296 cap.
652 4231 704 4282 v11
721 4231 745 4281 X
763 4231 826 4282 int.

389 4314 435 4376 63)
453 4318 471 4368 l.
490 4334 511 4368 c.
530 4319 560 4368 P.
578 4318 605 4368 lI
623 4333 682 4368 een.
700 4317 772 4380 XIV,
791 4318 841 4369 XV
859 4334 911 4369 cas.
931 4317 943 4368 l
961 4333 987 4382 p.
1006 4313 1058 4368 2¹28
1076 4333 1114 4382 sq.

388 4399 432 4466 64)
452 4404 503 4454 l.c
528 4406 558 4455 P.
578 4405 603 4454 11
621 4405 660 4455 tit.
678 4401 712 4455 25
731 4420 754 4455 c.
773 4404 789 4456 4
808 4405 822 4466 ἓ
841 4401 857 4454 8
876 4420 933 4469 sqq.

387 4485 433 4544 65)
451 4490 541 4540 consil
569 4489 923 4541 iurid.Hellene.10torum
960 4487 1040 4539 Helle
1059 4485 1126 4540 1733
1153 4485 1249 4537 tom.1
1277 4485 1307 4536 P.
1325 4485 1352 4535 11
1380 4501 1405 4548 p.
1425 4481 1457 4534 14

320 4577 441 4631 conell.
